<TICKER>,<PER>,<DATE>,<TIME>,<LAST>,<VOL>
HPQ,0,20121115,093005,13.14000,100
HPQ,0,20121115,093022,13.16000,500
HPQ,0,20121115,093024,13.14000,300
HPQ,0,20121115,093024,13.14000,100
HPQ,0,20121115,093047,13.14000,100
HPQ,0,20121115,093047,13.13000,100
HPQ,0,20121115,093047,13.12000,100
HPQ,0,20121115,093047,13.12000,100
HPQ,0,20121115,093058,13.12000,100
HPQ,0,20121115,093058,13.12000,100
HPQ,0,20121115,093058,13.12000,100
HPQ,0,20121115,093058,13.12000,100
HPQ,0,20121115,093058,13.12000,100
HPQ,0,20121115,093058,13.12000,100
HPQ,0,20121115,093058,13.12000,100
HPQ,0,20121115,093058,13.12000,100
HPQ,0,20121115,093058,13.12000,100
HPQ,0,20121115,093058,13.12000,100
HPQ,0,20121115,093058,13.12000,100
HPQ,0,20121115,093058,13.12000,100
HPQ,0,20121115,093058,13.12000,100
HPQ,0,20121115,093058,13.12000,100
HPQ,0,20121115,093058,13.12000,100
HPQ,0,20121115,093058,13.12000,100
HPQ,0,20121115,093058,13.12000,100
HPQ,0,20121115,093058,13.12000,100
HPQ,0,20121115,093058,13.12000,100
HPQ,0,20121115,093058,13.12000,100
HPQ,0,20121115,093058,13.12000,100
HPQ,0,20121115,093058,13.12000,100
HPQ,0,20121115,093058,13.12000,100
HPQ,0,20121115,093058,13.12000,100
HPQ,0,20121115,093058,13.12000,100
HPQ,0,20121115,093058,13.12000,100
HPQ,0,20121115,093058,13.12000,100
HPQ,0,20121115,093058,13.12000,100
HPQ,0,20121115,093058,13.12000,100
HPQ,0,20121115,093058,13.12000,100
HPQ,0,20121115,093058,13.12000,100
HPQ,0,20121115,093205,13.13000,100
HPQ,0,20121115,093208,13.13000,100
HPQ,0,20121115,093234,13.13000,100
HPQ,0,20121115,093241,13.13000,100
HPQ,0,20121115,093241,13.13000,100
HPQ,0,20121115,093241,13.13000,100
HPQ,0,20121115,093247,13.13000,120
HPQ,0,20121115,093331,13.13000,300
HPQ,0,20121115,093340,13.12000,250
HPQ,0,20121115,093340,13.12000,100
HPQ,0,20121115,093340,13.12000,150
HPQ,0,20121115,093347,13.12000,100
HPQ,0,20121115,093347,13.12000,100
HPQ,0,20121115,093404,13.12000,100
HPQ,0,20121115,093404,13.12000,100
HPQ,0,20121115,093404,13.12000,100
HPQ,0,20121115,093404,13.12000,100
HPQ,0,20121115,093404,13.12000,100
HPQ,0,20121115,093404,13.12000,100
HPQ,0,20121115,093404,13.12000,100
HPQ,0,20121115,093404,13.12000,100
HPQ,0,20121115,093404,13.12000,100
HPQ,0,20121115,093404,13.12000,100
HPQ,0,20121115,093404,13.12000,100
HPQ,0,20121115,093405,13.12000,100
HPQ,0,20121115,093405,13.12000,100
HPQ,0,20121115,093420,13.11000,1000
HPQ,0,20121115,093420,13.11000,300
HPQ,0,20121115,093420,13.11000,100
HPQ,0,20121115,093420,13.11000,365
HPQ,0,20121115,093420,13.11000,100
HPQ,0,20121115,093420,13.11000,700
HPQ,0,20121115,093420,13.11000,100
HPQ,0,20121115,093420,13.11000,100
HPQ,0,20121115,093420,13.11000,139
HPQ,0,20121115,093429,13.11000,100
HPQ,0,20121115,093440,13.11000,100
HPQ,0,20121115,093440,13.11000,100
HPQ,0,20121115,093440,13.11000,100
HPQ,0,20121115,093440,13.11000,100
HPQ,0,20121115,093440,13.11000,100
HPQ,0,20121115,093441,13.12500,100
HPQ,0,20121115,093449,13.11000,300
HPQ,0,20121115,093500,13.11000,100
HPQ,0,20121115,093500,13.11000,100
HPQ,0,20121115,093500,13.13000,300
HPQ,0,20121115,093504,13.12000,800
HPQ,0,20121115,093504,13.12000,200
HPQ,0,20121115,093504,13.12000,200
HPQ,0,20121115,093504,13.12000,100
HPQ,0,20121115,093504,13.12000,100
HPQ,0,20121115,093504,13.12000,100
HPQ,0,20121115,093504,13.12000,100
HPQ,0,20121115,093504,13.12000,100
HPQ,0,20121115,093504,13.12000,100
HPQ,0,20121115,093504,13.12000,100
HPQ,0,20121115,093504,13.12000,100
HPQ,0,20121115,093504,13.12000,200
HPQ,0,20121115,093506,13.11000,200
HPQ,0,20121115,093541,13.12000,200
HPQ,0,20121115,093541,13.12000,200
HPQ,0,20121115,093541,13.12000,100
HPQ,0,20121115,093541,13.12000,100
HPQ,0,20121115,093541,13.12000,100
HPQ,0,20121115,093541,13.12000,100
HPQ,0,20121115,093541,13.12000,100
HPQ,0,20121115,093541,13.12000,100
HPQ,0,20121115,093541,13.12000,100
HPQ,0,20121115,093541,13.12000,100
HPQ,0,20121115,093541,13.12000,300
HPQ,0,20121115,093541,13.12000,100
HPQ,0,20121115,093541,13.12000,200
HPQ,0,20121115,093541,13.12000,200
HPQ,0,20121115,093542,13.12000,100
HPQ,0,20121115,093542,13.12000,200
HPQ,0,20121115,093542,13.12000,100
HPQ,0,20121115,093549,13.12000,200
HPQ,0,20121115,093549,13.12000,400
HPQ,0,20121115,093549,13.12000,100
HPQ,0,20121115,093549,13.12000,100
HPQ,0,20121115,093549,13.12000,200
HPQ,0,20121115,093549,13.12500,100
HPQ,0,20121115,093549,13.12000,100
HPQ,0,20121115,093550,13.12000,100
HPQ,0,20121115,093550,13.13000,200
HPQ,0,20121115,093551,13.13000,200
HPQ,0,20121115,093551,13.13000,300
HPQ,0,20121115,093551,13.13000,200
HPQ,0,20121115,093556,13.13500,100
HPQ,0,20121115,093556,13.13500,100
HPQ,0,20121115,093556,13.13500,100
HPQ,0,20121115,093556,13.13500,100
HPQ,0,20121115,093556,13.13500,100
HPQ,0,20121115,093557,13.13500,100
HPQ,0,20121115,093607,13.13500,796
HPQ,0,20121115,093607,13.14000,500
HPQ,0,20121115,093607,13.14000,404
HPQ,0,20121115,093607,13.14000,100
HPQ,0,20121115,093607,13.14000,100
HPQ,0,20121115,093607,13.14000,104
HPQ,0,20121115,093607,13.14000,100
HPQ,0,20121115,093607,13.14000,200
HPQ,0,20121115,093607,13.14000,100
HPQ,0,20121115,093607,13.14000,100
HPQ,0,20121115,093607,13.14000,100
HPQ,0,20121115,093607,13.14000,100
HPQ,0,20121115,093607,13.14000,100
HPQ,0,20121115,093607,13.14000,100
HPQ,0,20121115,093607,13.15000,100
HPQ,0,20121115,093619,13.16000,100
HPQ,0,20121115,093619,13.16000,200
HPQ,0,20121115,093619,13.16000,200
HPQ,0,20121115,093619,13.16000,100
HPQ,0,20121115,093619,13.17000,100
HPQ,0,20121115,093619,13.17000,200
HPQ,0,20121115,093619,13.17000,100
HPQ,0,20121115,093619,13.18000,1600
HPQ,0,20121115,093621,13.17000,400
HPQ,0,20121115,093621,13.16000,100
HPQ,0,20121115,093621,13.17000,100
HPQ,0,20121115,093647,13.18000,100
HPQ,0,20121115,093647,13.18000,400
HPQ,0,20121115,093647,13.18000,100
HPQ,0,20121115,093656,13.18000,400
HPQ,0,20121115,093731,13.16000,200
HPQ,0,20121115,093731,13.16000,200
HPQ,0,20121115,093731,13.16000,100
HPQ,0,20121115,093738,13.15000,100
HPQ,0,20121115,093738,13.15000,100
HPQ,0,20121115,093739,13.17000,141
HPQ,0,20121115,093808,13.18000,100
HPQ,0,20121115,093808,13.18000,100
HPQ,0,20121115,093852,13.18500,500
HPQ,0,20121115,093852,13.18000,400
HPQ,0,20121115,093852,13.18000,200
HPQ,0,20121115,093852,13.18000,300
HPQ,0,20121115,093852,13.17500,100
HPQ,0,20121115,093856,13.17500,200
HPQ,0,20121115,093856,13.17500,100
HPQ,0,20121115,093910,13.16000,300
HPQ,0,20121115,093910,13.16500,200
HPQ,0,20121115,093922,13.17000,100
HPQ,0,20121115,093922,13.17000,100
HPQ,0,20121115,093922,13.17000,100
HPQ,0,20121115,093922,13.17000,100
HPQ,0,20121115,093922,13.18000,100
HPQ,0,20121115,093922,13.18000,100
HPQ,0,20121115,093922,13.18000,400
HPQ,0,20121115,093922,13.17500,100
HPQ,0,20121115,093922,13.17000,200
HPQ,0,20121115,093922,13.17000,100
HPQ,0,20121115,093922,13.17000,500
HPQ,0,20121115,093922,13.17000,400
HPQ,0,20121115,093922,13.17000,400
HPQ,0,20121115,093922,13.17000,100
HPQ,0,20121115,093922,13.17000,200
HPQ,0,20121115,093922,13.17000,200
HPQ,0,20121115,093927,13.17000,400
HPQ,0,20121115,093953,13.16000,200
HPQ,0,20121115,093953,13.16000,200
HPQ,0,20121115,093953,13.16000,100
HPQ,0,20121115,093958,13.16000,100
HPQ,0,20121115,094012,13.16000,300
HPQ,0,20121115,094012,13.16000,200
HPQ,0,20121115,094012,13.16000,200
HPQ,0,20121115,094012,13.14000,200
HPQ,0,20121115,094018,13.14000,100
HPQ,0,20121115,094059,13.14000,100
HPQ,0,20121115,094105,13.14000,200
HPQ,0,20121115,094105,13.14000,300
HPQ,0,20121115,094105,13.14000,100
HPQ,0,20121115,094107,13.14000,200
HPQ,0,20121115,094111,13.13000,200
HPQ,0,20121115,094111,13.13000,300
HPQ,0,20121115,094111,13.13000,200
HPQ,0,20121115,094111,13.13000,1100
HPQ,0,20121115,094111,13.13000,200
HPQ,0,20121115,094112,13.13000,100
HPQ,0,20121115,094113,13.12000,200
HPQ,0,20121115,094113,13.12000,300
HPQ,0,20121115,094113,13.12000,200
HPQ,0,20121115,094113,13.12000,200
HPQ,0,20121115,094113,13.12000,200
HPQ,0,20121115,094113,13.11500,100
HPQ,0,20121115,094115,13.13000,300
HPQ,0,20121115,094115,13.13000,100
HPQ,0,20121115,094115,13.13000,100
HPQ,0,20121115,094115,13.13000,200
HPQ,0,20121115,094115,13.13000,100
HPQ,0,20121115,094115,13.13000,100
HPQ,0,20121115,094115,13.12500,100
HPQ,0,20121115,094115,13.13000,200
HPQ,0,20121115,094115,13.13000,200
HPQ,0,20121115,094115,13.13000,100
HPQ,0,20121115,094118,13.13000,200
HPQ,0,20121115,094203,13.13000,400
HPQ,0,20121115,094203,13.13000,200
HPQ,0,20121115,094203,13.13000,100
HPQ,0,20121115,094203,13.13000,200
HPQ,0,20121115,094203,13.13000,127
HPQ,0,20121115,094203,13.13000,100
HPQ,0,20121115,094203,13.13000,100
HPQ,0,20121115,094203,13.13000,100
HPQ,0,20121115,094204,13.14000,100
HPQ,0,20121115,094209,13.14000,100
HPQ,0,20121115,094209,13.14000,100
HPQ,0,20121115,094214,13.15000,200
HPQ,0,20121115,094226,13.15000,200
HPQ,0,20121115,094226,13.15000,200
HPQ,0,20121115,094403,13.14500,100
HPQ,0,20121115,094403,13.14000,100
HPQ,0,20121115,094403,13.14000,100
HPQ,0,20121115,094403,13.14000,400
HPQ,0,20121115,094407,13.13500,100
HPQ,0,20121115,094408,13.13000,800
HPQ,0,20121115,094408,13.13000,200
HPQ,0,20121115,094408,13.13000,100
HPQ,0,20121115,094408,13.13500,100
HPQ,0,20121115,094408,13.13500,200
HPQ,0,20121115,094408,13.14000,100
HPQ,0,20121115,094408,13.14000,100
HPQ,0,20121115,094408,13.14000,200
HPQ,0,20121115,094408,13.14000,200
HPQ,0,20121115,094408,13.14000,200
HPQ,0,20121115,094408,13.14000,100
HPQ,0,20121115,094408,13.14000,100
HPQ,0,20121115,094408,13.14000,100
HPQ,0,20121115,094409,13.14000,100
HPQ,0,20121115,094409,13.14000,200
HPQ,0,20121115,094409,13.14000,100
HPQ,0,20121115,094409,13.14000,100
HPQ,0,20121115,094409,13.14000,100
HPQ,0,20121115,094508,13.14000,100
HPQ,0,20121115,094508,13.14000,200
HPQ,0,20121115,094508,13.14000,100
HPQ,0,20121115,094508,13.14000,100
HPQ,0,20121115,094508,13.14000,100
HPQ,0,20121115,094508,13.14000,100
HPQ,0,20121115,094508,13.14000,100
HPQ,0,20121115,094508,13.14000,800
HPQ,0,20121115,094508,13.14000,700
HPQ,0,20121115,094508,13.14000,600
HPQ,0,20121115,094514,13.15000,100
HPQ,0,20121115,094547,13.15000,193
HPQ,0,20121115,094559,13.15000,100
HPQ,0,20121115,094608,13.15000,100
HPQ,0,20121115,094608,13.15000,200
HPQ,0,20121115,094608,13.15000,100
HPQ,0,20121115,094608,13.15000,800
HPQ,0,20121115,094608,13.15000,800
HPQ,0,20121115,094608,13.15000,600
HPQ,0,20121115,094608,13.15000,200
HPQ,0,20121115,094608,13.15000,100
HPQ,0,20121115,094608,13.15000,2000
HPQ,0,20121115,094608,13.15000,200
HPQ,0,20121115,094608,13.15000,300
HPQ,0,20121115,094608,13.15000,100
HPQ,0,20121115,094640,13.15000,400
HPQ,0,20121115,094640,13.15000,200
HPQ,0,20121115,094640,13.15000,100
HPQ,0,20121115,094640,13.15000,100
HPQ,0,20121115,094640,13.15000,100
HPQ,0,20121115,094640,13.15000,2000
HPQ,0,20121115,094640,13.14000,100
HPQ,0,20121115,094640,13.14000,100
HPQ,0,20121115,094640,13.13000,100
HPQ,0,20121115,094650,13.12000,100
HPQ,0,20121115,094654,13.12000,300
HPQ,0,20121115,094701,13.12500,500
HPQ,0,20121115,094701,13.12500,324
HPQ,0,20121115,094701,13.13000,800
HPQ,0,20121115,094701,13.13000,200
HPQ,0,20121115,094701,13.13000,100
HPQ,0,20121115,094702,13.13000,200
HPQ,0,20121115,094800,13.13000,100
HPQ,0,20121115,094801,13.13000,100
HPQ,0,20121115,094801,13.13000,100
HPQ,0,20121115,094803,13.13000,400
HPQ,0,20121115,094803,13.13000,324
HPQ,0,20121115,094803,13.13000,100
HPQ,0,20121115,094803,13.13000,100
HPQ,0,20121115,094803,13.13000,100
HPQ,0,20121115,094803,13.13000,100
HPQ,0,20121115,094803,13.13000,176
HPQ,0,20121115,094803,13.12000,800
HPQ,0,20121115,094803,13.12000,500
HPQ,0,20121115,094803,13.12000,100
HPQ,0,20121115,094808,13.11500,100
HPQ,0,20121115,094841,13.11000,200
HPQ,0,20121115,094841,13.11000,200
HPQ,0,20121115,094841,13.11000,200
HPQ,0,20121115,094841,13.11000,100
HPQ,0,20121115,094843,13.10000,400
HPQ,0,20121115,094843,13.10000,200
HPQ,0,20121115,094843,13.10000,300
HPQ,0,20121115,094843,13.10000,100
HPQ,0,20121115,094843,13.10000,300
HPQ,0,20121115,094912,13.10000,200
HPQ,0,20121115,094912,13.10000,100
HPQ,0,20121115,094912,13.10000,100
HPQ,0,20121115,094912,13.10000,300
HPQ,0,20121115,094912,13.10000,100
HPQ,0,20121115,094912,13.11000,100
HPQ,0,20121115,094944,13.10000,200
HPQ,0,20121115,094944,13.10000,100
HPQ,0,20121115,094944,13.10000,200
HPQ,0,20121115,094944,13.10000,124
HPQ,0,20121115,094944,13.10000,100
HPQ,0,20121115,094944,13.10000,100
HPQ,0,20121115,094944,13.10000,400
HPQ,0,20121115,094944,13.09000,100
HPQ,0,20121115,094946,13.08000,100
HPQ,0,20121115,094946,13.08000,100
HPQ,0,20121115,094946,13.08000,100
HPQ,0,20121115,094946,13.08000,100
HPQ,0,20121115,095000,13.08000,100
HPQ,0,20121115,095000,13.08000,100
HPQ,0,20121115,095000,13.08000,200
HPQ,0,20121115,095000,13.08000,200
HPQ,0,20121115,095000,13.08000,100
HPQ,0,20121115,095000,13.08000,100
HPQ,0,20121115,095000,13.08000,100
HPQ,0,20121115,095009,13.08000,100
HPQ,0,20121115,095009,13.08000,100
HPQ,0,20121115,095043,13.09000,100
HPQ,0,20121115,095043,13.09000,100
HPQ,0,20121115,095043,13.09000,100
HPQ,0,20121115,095043,13.09000,200
HPQ,0,20121115,095043,13.08000,100
HPQ,0,20121115,095043,13.08000,300
HPQ,0,20121115,095044,13.08000,100
HPQ,0,20121115,095044,13.08000,100
HPQ,0,20121115,095048,13.08000,100
HPQ,0,20121115,095124,13.08000,300
HPQ,0,20121115,095140,13.08000,100
HPQ,0,20121115,095141,13.08000,253
HPQ,0,20121115,095141,13.08000,100
HPQ,0,20121115,095141,13.08000,100
HPQ,0,20121115,095141,13.08000,300
HPQ,0,20121115,095141,13.08000,100
HPQ,0,20121115,095141,13.08000,100
HPQ,0,20121115,095141,13.08000,200
HPQ,0,20121115,095141,13.07000,100
HPQ,0,20121115,095141,13.07000,100
HPQ,0,20121115,095141,13.07000,200
HPQ,0,20121115,095141,13.07000,100
HPQ,0,20121115,095141,13.07000,200
HPQ,0,20121115,095141,13.07000,100
HPQ,0,20121115,095205,13.07000,100
HPQ,0,20121115,095205,13.07000,100
HPQ,0,20121115,095205,13.07000,200
HPQ,0,20121115,095205,13.07000,200
HPQ,0,20121115,095205,13.07000,100
HPQ,0,20121115,095205,13.07000,100
HPQ,0,20121115,095205,13.07000,200
HPQ,0,20121115,095205,13.07000,300
HPQ,0,20121115,095205,13.07000,600
HPQ,0,20121115,095210,13.08000,200
HPQ,0,20121115,095210,13.08000,100
HPQ,0,20121115,095210,13.08000,100
HPQ,0,20121115,095210,13.09000,100
HPQ,0,20121115,095211,13.09000,100
HPQ,0,20121115,095211,13.09000,100
HPQ,0,20121115,095211,13.09000,300
HPQ,0,20121115,095211,13.09500,100
HPQ,0,20121115,095211,13.10000,100
HPQ,0,20121115,095211,13.10000,300
HPQ,0,20121115,095211,13.10000,400
HPQ,0,20121115,095211,13.10000,200
HPQ,0,20121115,095211,13.10000,200
HPQ,0,20121115,095211,13.10000,100
HPQ,0,20121115,095211,13.10000,100
HPQ,0,20121115,095216,13.09000,101
HPQ,0,20121115,095216,13.09000,100
HPQ,0,20121115,095216,13.09000,199
HPQ,0,20121115,095225,13.09500,100
HPQ,0,20121115,095234,13.09000,100
HPQ,0,20121115,095257,13.10000,400
HPQ,0,20121115,095257,13.10000,200
HPQ,0,20121115,095257,13.10000,300
HPQ,0,20121115,095257,13.10000,100
HPQ,0,20121115,095257,13.10000,100
HPQ,0,20121115,095257,13.10000,200
HPQ,0,20121115,095257,13.10000,300
HPQ,0,20121115,095309,13.11000,140
HPQ,0,20121115,095309,13.11000,100
HPQ,0,20121115,095323,13.11000,140
HPQ,0,20121115,095323,13.11000,100
HPQ,0,20121115,095323,13.11000,220
HPQ,0,20121115,095352,13.12000,100
HPQ,0,20121115,095352,13.12000,700
HPQ,0,20121115,095352,13.12000,200
HPQ,0,20121115,095352,13.12000,100
HPQ,0,20121115,095352,13.12000,886
HPQ,0,20121115,095352,13.12000,300
HPQ,0,20121115,095352,13.12000,800
HPQ,0,20121115,095352,13.12000,300
HPQ,0,20121115,095352,13.12000,800
HPQ,0,20121115,095352,13.12000,800
HPQ,0,20121115,095352,13.12000,100
HPQ,0,20121115,095352,13.12000,100
HPQ,0,20121115,095352,13.12000,100
HPQ,0,20121115,095352,13.12000,300
HPQ,0,20121115,095352,13.12000,300
HPQ,0,20121115,095352,13.12000,300
HPQ,0,20121115,095352,13.12000,200
HPQ,0,20121115,095352,13.12000,200
HPQ,0,20121115,095352,13.12000,800
HPQ,0,20121115,095352,13.12000,200
HPQ,0,20121115,095352,13.12000,100
HPQ,0,20121115,095352,13.12000,100
HPQ,0,20121115,095352,13.12500,100
HPQ,0,20121115,095352,13.12500,100
HPQ,0,20121115,095352,13.12500,100
HPQ,0,20121115,095352,13.12500,200
HPQ,0,20121115,095352,13.12500,100
HPQ,0,20121115,095352,13.12500,100
HPQ,0,20121115,095352,13.12500,100
HPQ,0,20121115,095352,13.12500,200
HPQ,0,20121115,095352,13.12500,200
HPQ,0,20121115,095352,13.12500,100
HPQ,0,20121115,095352,13.12500,200
HPQ,0,20121115,095352,13.12500,100
HPQ,0,20121115,095352,13.13000,100
HPQ,0,20121115,095352,13.13000,400
HPQ,0,20121115,095401,13.12000,100
HPQ,0,20121115,095401,13.12000,100
HPQ,0,20121115,095401,13.12000,400
HPQ,0,20121115,095401,13.12000,300
HPQ,0,20121115,095401,13.12000,300
HPQ,0,20121115,095401,13.12000,200
HPQ,0,20121115,095401,13.12000,200
HPQ,0,20121115,095401,13.12000,300
HPQ,0,20121115,095401,13.12000,200
HPQ,0,20121115,095403,13.13000,300
HPQ,0,20121115,095403,13.13000,400
HPQ,0,20121115,095403,13.13000,200
HPQ,0,20121115,095403,13.13000,300
HPQ,0,20121115,095403,13.13000,100
HPQ,0,20121115,095403,13.13000,100
HPQ,0,20121115,095452,13.13000,300
HPQ,0,20121115,095452,13.13000,200
HPQ,0,20121115,095452,13.13000,100
HPQ,0,20121115,095452,13.13000,200
HPQ,0,20121115,095452,13.13000,172
HPQ,0,20121115,095452,13.13000,400
HPQ,0,20121115,095452,13.14000,100
HPQ,0,20121115,095506,13.14000,100
HPQ,0,20121115,095540,13.15000,400
HPQ,0,20121115,095540,13.15000,300
HPQ,0,20121115,095540,13.15000,100
HPQ,0,20121115,095540,13.15000,100
HPQ,0,20121115,095540,13.15000,200
HPQ,0,20121115,095540,13.15000,300
HPQ,0,20121115,095540,13.15000,100
HPQ,0,20121115,095540,13.15000,629
HPQ,0,20121115,095540,13.15000,100
HPQ,0,20121115,095540,13.15000,100
HPQ,0,20121115,095545,13.16000,100
HPQ,0,20121115,095545,13.16000,200
HPQ,0,20121115,095545,13.16000,400
HPQ,0,20121115,095545,13.16000,200
HPQ,0,20121115,095545,13.16000,300
HPQ,0,20121115,095545,13.16000,100
HPQ,0,20121115,095545,13.16000,200
HPQ,0,20121115,095545,13.16000,100
HPQ,0,20121115,095545,13.16000,100
HPQ,0,20121115,095545,13.16000,200
HPQ,0,20121115,095620,13.17000,200
HPQ,0,20121115,095620,13.17000,100
HPQ,0,20121115,095620,13.17000,200
HPQ,0,20121115,095633,13.17000,100
HPQ,0,20121115,095633,13.17000,200
HPQ,0,20121115,095633,13.17000,100
HPQ,0,20121115,095633,13.17000,100
HPQ,0,20121115,095633,13.17000,251
HPQ,0,20121115,095634,13.17000,100
HPQ,0,20121115,095652,13.16000,400
HPQ,0,20121115,095652,13.16000,200
HPQ,0,20121115,095652,13.16000,400
HPQ,0,20121115,095652,13.15000,100
HPQ,0,20121115,095652,13.15000,100
HPQ,0,20121115,095652,13.15000,200
HPQ,0,20121115,095652,13.15000,100
HPQ,0,20121115,095652,13.15000,200
HPQ,0,20121115,095707,13.16000,200
HPQ,0,20121115,095707,13.16000,100
HPQ,0,20121115,095707,13.16000,200
HPQ,0,20121115,095707,13.16000,100
HPQ,0,20121115,095707,13.16000,200
HPQ,0,20121115,095711,13.17000,500
HPQ,0,20121115,095711,13.17000,100
HPQ,0,20121115,095711,13.17000,200
HPQ,0,20121115,095719,13.17000,300
HPQ,0,20121115,095719,13.17000,100
HPQ,0,20121115,095719,13.17000,100
HPQ,0,20121115,095805,13.16000,180
HPQ,0,20121115,095805,13.16000,295
HPQ,0,20121115,095805,13.16000,105
HPQ,0,20121115,095805,13.16000,400
HPQ,0,20121115,095805,13.16000,200
HPQ,0,20121115,095805,13.15000,200
HPQ,0,20121115,095805,13.15000,100
HPQ,0,20121115,095805,13.15000,100
HPQ,0,20121115,095811,13.15500,100
HPQ,0,20121115,095811,13.15500,100
HPQ,0,20121115,095811,13.15500,100
HPQ,0,20121115,095815,13.15000,100
HPQ,0,20121115,095815,13.15000,200
HPQ,0,20121115,095815,13.15000,200
HPQ,0,20121115,095815,13.15000,200
HPQ,0,20121115,095822,13.14000,100
HPQ,0,20121115,095828,13.14000,100
HPQ,0,20121115,095833,13.14000,200
HPQ,0,20121115,095835,13.14000,180
HPQ,0,20121115,095835,13.14000,200
HPQ,0,20121115,095835,13.14000,200
HPQ,0,20121115,095835,13.14000,200
HPQ,0,20121115,095839,13.14000,200
HPQ,0,20121115,095839,13.14000,200
HPQ,0,20121115,095839,13.14000,100
HPQ,0,20121115,095850,13.15000,100
HPQ,0,20121115,095850,13.15000,100
HPQ,0,20121115,095852,13.15000,200
HPQ,0,20121115,095852,13.15000,100
HPQ,0,20121115,095859,13.15000,200
HPQ,0,20121115,095905,13.15000,100
HPQ,0,20121115,095907,13.15000,200
HPQ,0,20121115,095907,13.15000,100
HPQ,0,20121115,095907,13.15000,400
HPQ,0,20121115,095907,13.15000,200
HPQ,0,20121115,095907,13.15000,200
HPQ,0,20121115,095912,13.14500,100
HPQ,0,20121115,095925,13.15000,200
HPQ,0,20121115,095928,13.15000,200
HPQ,0,20121115,095928,13.15000,100
HPQ,0,20121115,095945,13.16000,200
HPQ,0,20121115,095945,13.16000,100
HPQ,0,20121115,095945,13.16000,100
HPQ,0,20121115,095945,13.17000,100
HPQ,0,20121115,095945,13.17000,100
HPQ,0,20121115,095945,13.17000,300
HPQ,0,20121115,095945,13.17000,100
HPQ,0,20121115,095952,13.17000,100
HPQ,0,20121115,095952,13.17000,100
HPQ,0,20121115,095952,13.17000,100
HPQ,0,20121115,095954,13.17000,100
HPQ,0,20121115,100000,13.17000,300
HPQ,0,20121115,100000,13.17000,100
HPQ,0,20121115,100000,13.17000,200
HPQ,0,20121115,100000,13.17000,100
HPQ,0,20121115,100000,13.17000,100
HPQ,0,20121115,100000,13.17000,400
HPQ,0,20121115,100000,13.17000,700
HPQ,0,20121115,100000,13.17000,200
HPQ,0,20121115,100000,13.17000,100
HPQ,0,20121115,100000,13.16000,300
HPQ,0,20121115,100000,13.16000,100
HPQ,0,20121115,100000,13.16000,400
HPQ,0,20121115,100000,13.16000,400
HPQ,0,20121115,100000,13.16000,100
HPQ,0,20121115,100000,13.16000,200
HPQ,0,20121115,100000,13.15000,200
HPQ,0,20121115,100000,13.15000,200
HPQ,0,20121115,100000,13.14000,100
HPQ,0,20121115,100000,13.15000,100
HPQ,0,20121115,100004,13.14000,100
HPQ,0,20121115,100004,13.14000,100
HPQ,0,20121115,100004,13.14000,100
HPQ,0,20121115,100004,13.14000,600
HPQ,0,20121115,100007,13.14000,100
HPQ,0,20121115,100007,13.14000,200
HPQ,0,20121115,100007,13.14000,100
HPQ,0,20121115,100007,13.14000,100
HPQ,0,20121115,100007,13.14000,100
HPQ,0,20121115,100007,13.14000,100
HPQ,0,20121115,100010,13.13000,200
HPQ,0,20121115,100010,13.13000,100
HPQ,0,20121115,100010,13.13000,200
HPQ,0,20121115,100011,13.12000,300
HPQ,0,20121115,100011,13.12000,100
HPQ,0,20121115,100012,13.12000,100
HPQ,0,20121115,100012,13.12000,200
HPQ,0,20121115,100012,13.12500,100
HPQ,0,20121115,100012,13.13000,200
HPQ,0,20121115,100012,13.13000,200
HPQ,0,20121115,100012,13.13000,100
HPQ,0,20121115,100012,13.13000,1000
HPQ,0,20121115,100012,13.13000,100
HPQ,0,20121115,100012,13.13000,100
HPQ,0,20121115,100012,13.13000,100
HPQ,0,20121115,100017,13.13000,200
HPQ,0,20121115,100020,13.14000,200
HPQ,0,20121115,100022,13.14000,100
HPQ,0,20121115,100022,13.14000,200
HPQ,0,20121115,100022,13.14000,200
HPQ,0,20121115,100022,13.14000,200
HPQ,0,20121115,100022,13.14000,100
HPQ,0,20121115,100022,13.14000,100
HPQ,0,20121115,100022,13.14000,100
HPQ,0,20121115,100022,13.14000,300
HPQ,0,20121115,100022,13.14000,100
HPQ,0,20121115,100022,13.14000,800
HPQ,0,20121115,100022,13.14000,200
HPQ,0,20121115,100022,13.14000,600
HPQ,0,20121115,100022,13.14000,100
HPQ,0,20121115,100022,13.14000,101
HPQ,0,20121115,100022,13.14000,100
HPQ,0,20121115,100022,13.13000,200
HPQ,0,20121115,100022,13.13000,200
HPQ,0,20121115,100022,13.13000,100
HPQ,0,20121115,100022,13.13000,100
HPQ,0,20121115,100022,13.13000,200
HPQ,0,20121115,100046,13.14000,100
HPQ,0,20121115,100046,13.14000,200
HPQ,0,20121115,100046,13.14000,300
HPQ,0,20121115,100046,13.14000,100
HPQ,0,20121115,100046,13.14000,100
HPQ,0,20121115,100046,13.14000,100
HPQ,0,20121115,100046,13.14000,100
HPQ,0,20121115,100046,13.14000,100
HPQ,0,20121115,100046,13.14000,500
HPQ,0,20121115,100046,13.14000,600
HPQ,0,20121115,100046,13.15000,100
HPQ,0,20121115,100046,13.15000,100
HPQ,0,20121115,100046,13.16000,200
HPQ,0,20121115,100046,13.16000,100
HPQ,0,20121115,100046,13.16000,100
HPQ,0,20121115,100046,13.16000,200
HPQ,0,20121115,100046,13.16000,100
HPQ,0,20121115,100046,13.16000,200
HPQ,0,20121115,100048,13.16000,100
HPQ,0,20121115,100053,13.16000,200
HPQ,0,20121115,100053,13.16000,100
HPQ,0,20121115,100054,13.16000,200
HPQ,0,20121115,100100,13.16000,200
HPQ,0,20121115,100100,13.16000,100
HPQ,0,20121115,100125,13.16000,100
HPQ,0,20121115,100130,13.16000,100
HPQ,0,20121115,100140,13.16000,200
HPQ,0,20121115,100140,13.16000,100
HPQ,0,20121115,100200,13.16500,300
HPQ,0,20121115,100200,13.17000,100
HPQ,0,20121115,100200,13.17000,100
HPQ,0,20121115,100200,13.17000,300
HPQ,0,20121115,100200,13.17000,300
HPQ,0,20121115,100200,13.17000,100
HPQ,0,20121115,100200,13.17000,100
HPQ,0,20121115,100200,13.17000,100
HPQ,0,20121115,100201,13.17000,100
HPQ,0,20121115,100201,13.17000,100
HPQ,0,20121115,100201,13.18000,100
HPQ,0,20121115,100201,13.18000,200
HPQ,0,20121115,100201,13.18000,100
HPQ,0,20121115,100201,13.18000,100
HPQ,0,20121115,100201,13.18000,100
HPQ,0,20121115,100227,13.18000,100
HPQ,0,20121115,100227,13.18000,100
HPQ,0,20121115,100230,13.19000,100
HPQ,0,20121115,100230,13.19000,100
HPQ,0,20121115,100230,13.19000,200
HPQ,0,20121115,100230,13.19000,800
HPQ,0,20121115,100230,13.19000,200
HPQ,0,20121115,100230,13.19000,800
HPQ,0,20121115,100230,13.19000,500
HPQ,0,20121115,100230,13.19000,100
HPQ,0,20121115,100230,13.19000,100
HPQ,0,20121115,100230,13.19000,100
HPQ,0,20121115,100230,13.19000,300
HPQ,0,20121115,100230,13.19000,400
HPQ,0,20121115,100230,13.19000,300
HPQ,0,20121115,100230,13.19000,300
HPQ,0,20121115,100230,13.19000,200
HPQ,0,20121115,100230,13.19000,100
HPQ,0,20121115,100230,13.19000,800
HPQ,0,20121115,100233,13.19000,100
HPQ,0,20121115,100234,13.18500,100
HPQ,0,20121115,100325,13.18000,400
HPQ,0,20121115,100325,13.18000,100
HPQ,0,20121115,100325,13.18000,200
HPQ,0,20121115,100325,13.18000,200
HPQ,0,20121115,100325,13.18000,100
HPQ,0,20121115,100325,13.18000,100
HPQ,0,20121115,100325,13.18000,100
HPQ,0,20121115,100325,13.18000,396
HPQ,0,20121115,100325,13.18000,100
HPQ,0,20121115,100518,13.17500,100
HPQ,0,20121115,100518,13.17500,300
HPQ,0,20121115,100518,13.17000,173
HPQ,0,20121115,100518,13.17000,1327
HPQ,0,20121115,100519,13.17500,100
HPQ,0,20121115,100547,13.18000,100
HPQ,0,20121115,100547,13.18000,100
HPQ,0,20121115,100547,13.18000,100
HPQ,0,20121115,100547,13.18000,100
HPQ,0,20121115,100547,13.18000,100
HPQ,0,20121115,100547,13.18000,100
HPQ,0,20121115,100547,13.19000,100
HPQ,0,20121115,100547,13.19000,100
HPQ,0,20121115,100547,13.19000,100
HPQ,0,20121115,100547,13.19000,100
HPQ,0,20121115,100547,13.18500,100
HPQ,0,20121115,100549,13.19000,100
HPQ,0,20121115,100550,13.19000,300
HPQ,0,20121115,100550,13.19000,300
HPQ,0,20121115,100550,13.19000,100
HPQ,0,20121115,100550,13.19000,100
HPQ,0,20121115,100550,13.19000,300
HPQ,0,20121115,100550,13.19000,100
HPQ,0,20121115,100557,13.20000,200
HPQ,0,20121115,100557,13.20000,400
HPQ,0,20121115,100557,13.20000,100
HPQ,0,20121115,100558,13.21000,100
HPQ,0,20121115,100558,13.21000,200
HPQ,0,20121115,100558,13.21000,300
HPQ,0,20121115,100558,13.20500,200
HPQ,0,20121115,100558,13.20500,100
HPQ,0,20121115,100558,13.20000,100
HPQ,0,20121115,100558,13.20000,400
HPQ,0,20121115,100558,13.20000,200
HPQ,0,20121115,100558,13.20000,300
HPQ,0,20121115,100558,13.20000,300
HPQ,0,20121115,100558,13.20000,200
HPQ,0,20121115,100558,13.20000,300
HPQ,0,20121115,100558,13.20000,100
HPQ,0,20121115,100558,13.20000,300
HPQ,0,20121115,100558,13.20000,246
HPQ,0,20121115,100558,13.20000,300
HPQ,0,20121115,100558,13.20000,200
HPQ,0,20121115,100558,13.19000,100
HPQ,0,20121115,100558,13.19000,100
HPQ,0,20121115,100558,13.19000,300
HPQ,0,20121115,100558,13.19000,100
HPQ,0,20121115,100558,13.19000,200
HPQ,0,20121115,100558,13.19000,200
HPQ,0,20121115,100558,13.19000,100
HPQ,0,20121115,100558,13.19000,100
HPQ,0,20121115,100558,13.19000,100
HPQ,0,20121115,100558,13.19000,100
HPQ,0,20121115,100558,13.19000,200
HPQ,0,20121115,100559,13.19500,200
HPQ,0,20121115,100559,13.19500,300
HPQ,0,20121115,100559,13.19500,200
HPQ,0,20121115,100559,13.20000,200
HPQ,0,20121115,100559,13.20000,100
HPQ,0,20121115,100559,13.20000,200
HPQ,0,20121115,100559,13.20000,200
HPQ,0,20121115,100559,13.20000,200
HPQ,0,20121115,100559,13.20000,200
HPQ,0,20121115,100559,13.20000,100
HPQ,0,20121115,100559,13.20000,100
HPQ,0,20121115,100559,13.20000,100
HPQ,0,20121115,100559,13.21000,200
HPQ,0,20121115,100559,13.21000,100
HPQ,0,20121115,100559,13.21000,100
HPQ,0,20121115,100559,13.21000,175
HPQ,0,20121115,100600,13.20000,100
HPQ,0,20121115,100600,13.20000,200
HPQ,0,20121115,100600,13.20000,200
HPQ,0,20121115,100600,13.20000,124
HPQ,0,20121115,100600,13.20000,200
HPQ,0,20121115,100602,13.20000,200
HPQ,0,20121115,100602,13.20000,100
HPQ,0,20121115,100602,13.20000,100
HPQ,0,20121115,100602,13.20000,400
HPQ,0,20121115,100620,13.21000,125
HPQ,0,20121115,100620,13.21000,100
HPQ,0,20121115,100620,13.21000,100
HPQ,0,20121115,100634,13.22000,100
HPQ,0,20121115,100634,13.22000,100
HPQ,0,20121115,100705,13.23000,300
HPQ,0,20121115,100705,13.23000,100
HPQ,0,20121115,100705,13.23000,100
HPQ,0,20121115,100705,13.23000,100
HPQ,0,20121115,100705,13.23000,400
HPQ,0,20121115,100716,13.24000,100
HPQ,0,20121115,100724,13.24000,100
HPQ,0,20121115,100724,13.24000,300
HPQ,0,20121115,100807,13.23000,300
HPQ,0,20121115,100807,13.23000,300
HPQ,0,20121115,100807,13.23000,100
HPQ,0,20121115,100807,13.23000,200
HPQ,0,20121115,100807,13.23000,200
HPQ,0,20121115,100807,13.23000,100
HPQ,0,20121115,100807,13.23000,200
HPQ,0,20121115,100835,13.23000,200
HPQ,0,20121115,100835,13.23000,400
HPQ,0,20121115,100835,13.23000,200
HPQ,0,20121115,100835,13.23000,300
HPQ,0,20121115,100835,13.23000,200
HPQ,0,20121115,100835,13.23000,100
HPQ,0,20121115,100835,13.23000,100
HPQ,0,20121115,100835,13.23000,100
HPQ,0,20121115,100835,13.23000,200
HPQ,0,20121115,100835,13.23000,100
HPQ,0,20121115,100902,13.24000,200
HPQ,0,20121115,100902,13.24000,337
HPQ,0,20121115,100902,13.24000,100
HPQ,0,20121115,100905,13.25000,400
HPQ,0,20121115,100905,13.25000,200
HPQ,0,20121115,100905,13.25000,300
HPQ,0,20121115,100905,13.25000,100
HPQ,0,20121115,100905,13.25000,300
HPQ,0,20121115,100905,13.25000,100
HPQ,0,20121115,100906,13.26000,200
HPQ,0,20121115,100906,13.26000,200
HPQ,0,20121115,100917,13.26000,200
HPQ,0,20121115,100917,13.26000,300
HPQ,0,20121115,100917,13.26000,100
HPQ,0,20121115,100949,13.26000,300
HPQ,0,20121115,100949,13.26000,200
HPQ,0,20121115,100949,13.26000,100
HPQ,0,20121115,100949,13.26000,300
HPQ,0,20121115,100949,13.25000,200
HPQ,0,20121115,100949,13.25000,100
HPQ,0,20121115,100949,13.25000,325
HPQ,0,20121115,100949,13.25500,100
HPQ,0,20121115,101012,13.26000,200
HPQ,0,20121115,101012,13.26000,100
HPQ,0,20121115,101012,13.26000,100
HPQ,0,20121115,101012,13.26000,100
HPQ,0,20121115,101031,13.25000,200
HPQ,0,20121115,101036,13.25000,100
HPQ,0,20121115,101102,13.25000,255
HPQ,0,20121115,101102,13.25000,400
HPQ,0,20121115,101102,13.25000,185
HPQ,0,20121115,101102,13.25000,185
HPQ,0,20121115,101102,13.25000,200
HPQ,0,20121115,101102,13.25000,200
HPQ,0,20121115,101102,13.25000,100
HPQ,0,20121115,101103,13.24500,100
HPQ,0,20121115,101104,13.24500,100
HPQ,0,20121115,101112,13.25000,400
HPQ,0,20121115,101113,13.25000,100
HPQ,0,20121115,101113,13.25000,100
HPQ,0,20121115,101113,13.25000,600
HPQ,0,20121115,101115,13.26000,400
HPQ,0,20121115,101115,13.26000,300
HPQ,0,20121115,101115,13.26000,100
HPQ,0,20121115,101115,13.26000,200
HPQ,0,20121115,101115,13.26000,200
HPQ,0,20121115,101123,13.26000,100
HPQ,0,20121115,101123,13.26000,100
HPQ,0,20121115,101123,13.26000,300
HPQ,0,20121115,101123,13.25000,200
HPQ,0,20121115,101123,13.25000,100
HPQ,0,20121115,101123,13.25000,200
HPQ,0,20121115,101123,13.25000,300
HPQ,0,20121115,101123,13.25000,200
HPQ,0,20121115,101123,13.25000,800
HPQ,0,20121115,101123,13.25000,100
HPQ,0,20121115,101123,13.25000,800
HPQ,0,20121115,101123,13.25000,200
HPQ,0,20121115,101123,13.25000,200
HPQ,0,20121115,101129,13.25000,100
HPQ,0,20121115,101129,13.25000,3600
HPQ,0,20121115,101129,13.25000,100
HPQ,0,20121115,101130,13.26000,200
HPQ,0,20121115,101130,13.26000,100
HPQ,0,20121115,101131,13.26000,200
HPQ,0,20121115,101135,13.26000,800
HPQ,0,20121115,101135,13.26000,200
HPQ,0,20121115,101135,13.26000,400
HPQ,0,20121115,101135,13.26000,300
HPQ,0,20121115,101135,13.26000,100
HPQ,0,20121115,101135,13.26000,200
HPQ,0,20121115,101135,13.26000,100
HPQ,0,20121115,101135,13.26000,400
HPQ,0,20121115,101135,13.26000,200
HPQ,0,20121115,101135,13.26000,100
HPQ,0,20121115,101135,13.26000,100
HPQ,0,20121115,101202,13.25000,300
HPQ,0,20121115,101202,13.25000,400
HPQ,0,20121115,101202,13.25000,100
HPQ,0,20121115,101202,13.25000,100
HPQ,0,20121115,101202,13.25000,100
HPQ,0,20121115,101202,13.25000,4000
HPQ,0,20121115,101202,13.25000,300
HPQ,0,20121115,101202,13.25000,400
HPQ,0,20121115,101202,13.25000,100
HPQ,0,20121115,101202,13.25000,100
HPQ,0,20121115,101331,13.25000,100
HPQ,0,20121115,101331,13.25000,100
HPQ,0,20121115,101332,13.25500,200
HPQ,0,20121115,101332,13.25000,400
HPQ,0,20121115,101332,13.25000,200
HPQ,0,20121115,101332,13.25000,100
HPQ,0,20121115,101332,13.25000,100
HPQ,0,20121115,101332,13.25000,200
HPQ,0,20121115,101332,13.25000,200
HPQ,0,20121115,101332,13.25000,400
HPQ,0,20121115,101332,13.25000,400
HPQ,0,20121115,101332,13.25000,400
HPQ,0,20121115,101332,13.25000,300
HPQ,0,20121115,101332,13.25000,200
HPQ,0,20121115,101339,13.26000,119
HPQ,0,20121115,101339,13.26000,100
HPQ,0,20121115,101339,13.26000,800
HPQ,0,20121115,101339,13.26000,300
HPQ,0,20121115,101339,13.26000,300
HPQ,0,20121115,101339,13.26000,800
HPQ,0,20121115,101339,13.26000,300
HPQ,0,20121115,101339,13.26000,800
HPQ,0,20121115,101339,13.26000,800
HPQ,0,20121115,101339,13.26000,200
HPQ,0,20121115,101339,13.26000,200
HPQ,0,20121115,101339,13.27000,100
HPQ,0,20121115,101345,13.26000,200
HPQ,0,20121115,101349,13.26000,160
HPQ,0,20121115,101349,13.26000,100
HPQ,0,20121115,101350,13.25500,2300
HPQ,0,20121115,101350,13.25500,800
HPQ,0,20121115,101350,13.26000,800
HPQ,0,20121115,101350,13.26000,200
HPQ,0,20121115,101351,13.26000,200
HPQ,0,20121115,101403,13.26000,400
HPQ,0,20121115,101403,13.26000,500
HPQ,0,20121115,101411,13.26000,113
HPQ,0,20121115,101411,13.26000,400
HPQ,0,20121115,101411,13.26000,200
HPQ,0,20121115,101411,13.26000,300
HPQ,0,20121115,101518,13.26000,100
HPQ,0,20121115,101518,13.26000,100
HPQ,0,20121115,101518,13.26000,100
HPQ,0,20121115,101518,13.26000,100
HPQ,0,20121115,101518,13.26000,100
HPQ,0,20121115,101518,13.26000,1100
HPQ,0,20121115,101518,13.26000,200
HPQ,0,20121115,101519,13.26500,100
HPQ,0,20121115,101524,13.26000,300
HPQ,0,20121115,101524,13.26000,100
HPQ,0,20121115,101524,13.26000,200
HPQ,0,20121115,101524,13.26000,200
HPQ,0,20121115,101524,13.26000,500
HPQ,0,20121115,101524,13.26000,300
HPQ,0,20121115,101524,13.26000,400
HPQ,0,20121115,101524,13.26000,100
HPQ,0,20121115,101524,13.26000,100
HPQ,0,20121115,101524,13.26000,200
HPQ,0,20121115,101541,13.25000,199
HPQ,0,20121115,101541,13.25000,100
HPQ,0,20121115,101541,13.25000,200
HPQ,0,20121115,101541,13.24000,200
HPQ,0,20121115,101541,13.24000,120
HPQ,0,20121115,101541,13.24000,100
HPQ,0,20121115,101541,13.24000,100
HPQ,0,20121115,101541,13.24000,300
HPQ,0,20121115,101548,13.24000,300
HPQ,0,20121115,101548,13.24000,200
HPQ,0,20121115,101548,13.24000,100
HPQ,0,20121115,101548,13.24000,100
HPQ,0,20121115,101548,13.24000,100
HPQ,0,20121115,101548,13.24000,100
HPQ,0,20121115,101548,13.24000,2100
HPQ,0,20121115,101548,13.24000,300
HPQ,0,20121115,101548,13.24000,100
HPQ,0,20121115,101548,13.24500,100
HPQ,0,20121115,101550,13.24500,100
HPQ,0,20121115,101555,13.25000,300
HPQ,0,20121115,101555,13.25000,200
HPQ,0,20121115,101600,13.25500,800
HPQ,0,20121115,101600,13.25500,2000
HPQ,0,20121115,101600,13.25500,100
HPQ,0,20121115,101600,13.25000,800
HPQ,0,20121115,101600,13.25000,398
HPQ,0,20121115,101600,13.25000,200
HPQ,0,20121115,101600,13.25000,102
HPQ,0,20121115,101600,13.25000,100
HPQ,0,20121115,101600,13.25500,100
HPQ,0,20121115,101600,13.25500,100
HPQ,0,20121115,101620,13.25000,400
HPQ,0,20121115,101620,13.25000,150
HPQ,0,20121115,101622,13.25000,250
HPQ,0,20121115,101622,13.25000,300
HPQ,0,20121115,101622,13.25000,100
HPQ,0,20121115,101622,13.25000,300
HPQ,0,20121115,101622,13.24500,100
HPQ,0,20121115,101622,13.25000,400
HPQ,0,20121115,101622,13.25000,400
HPQ,0,20121115,101622,13.25000,213
HPQ,0,20121115,101622,13.25000,300
HPQ,0,20121115,101622,13.25000,800
HPQ,0,20121115,101622,13.25000,700
HPQ,0,20121115,101622,13.25000,300
HPQ,0,20121115,101622,13.25000,100
HPQ,0,20121115,101622,13.25000,300
HPQ,0,20121115,101622,13.25000,400
HPQ,0,20121115,101622,13.25000,300
HPQ,0,20121115,101623,13.25000,100
HPQ,0,20121115,101634,13.25000,200
HPQ,0,20121115,101634,13.25000,200
HPQ,0,20121115,101634,13.25000,300
HPQ,0,20121115,101634,13.25000,400
HPQ,0,20121115,101634,13.25000,100
HPQ,0,20121115,101634,13.25000,150
HPQ,0,20121115,101634,13.25000,250
HPQ,0,20121115,101634,13.25000,200
HPQ,0,20121115,101634,13.25000,150
HPQ,0,20121115,101636,13.24500,100
HPQ,0,20121115,101636,13.25000,400
HPQ,0,20121115,101636,13.25000,300
HPQ,0,20121115,101636,13.25000,300
HPQ,0,20121115,101636,13.25000,400
HPQ,0,20121115,101636,13.25000,100
HPQ,0,20121115,101636,13.25000,100
HPQ,0,20121115,101636,13.25000,100
HPQ,0,20121115,101636,13.25000,100
HPQ,0,20121115,101636,13.25000,100
HPQ,0,20121115,101636,13.25000,200
HPQ,0,20121115,101636,13.25000,200
HPQ,0,20121115,101636,13.25000,100
HPQ,0,20121115,101636,13.25000,200
HPQ,0,20121115,101636,13.25000,500
HPQ,0,20121115,101636,13.25000,200
HPQ,0,20121115,101636,13.25000,100
HPQ,0,20121115,101641,13.24000,300
HPQ,0,20121115,101641,13.24000,300
HPQ,0,20121115,101641,13.24000,100
HPQ,0,20121115,101641,13.24000,300
HPQ,0,20121115,101641,13.24000,100
HPQ,0,20121115,101641,13.24000,200
HPQ,0,20121115,101701,13.23000,160
HPQ,0,20121115,101701,13.23000,200
HPQ,0,20121115,101716,13.22000,100
HPQ,0,20121115,101746,13.23000,350
HPQ,0,20121115,101746,13.23000,300
HPQ,0,20121115,101746,13.23000,100
HPQ,0,20121115,101746,13.23000,300
HPQ,0,20121115,101746,13.23000,800
HPQ,0,20121115,101746,13.23000,300
HPQ,0,20121115,101746,13.23000,100
HPQ,0,20121115,101746,13.23000,724
HPQ,0,20121115,101746,13.23000,300
HPQ,0,20121115,101746,13.23000,400
HPQ,0,20121115,101746,13.23000,200
HPQ,0,20121115,101746,13.23000,100
HPQ,0,20121115,101746,13.23000,200
HPQ,0,20121115,101746,13.23000,100
HPQ,0,20121115,101746,13.23000,300
HPQ,0,20121115,101746,13.23000,300
HPQ,0,20121115,101747,13.23000,300
HPQ,0,20121115,101747,13.23000,200
HPQ,0,20121115,101747,13.23000,300
HPQ,0,20121115,101748,13.23000,200
HPQ,0,20121115,101753,13.23000,200
HPQ,0,20121115,101756,13.23000,100
HPQ,0,20121115,101756,13.23000,200
HPQ,0,20121115,101805,13.23000,300
HPQ,0,20121115,101805,13.23000,400
HPQ,0,20121115,101820,13.22000,280
HPQ,0,20121115,101820,13.22000,100
HPQ,0,20121115,101820,13.22000,300
HPQ,0,20121115,101820,13.22000,220
HPQ,0,20121115,101958,13.22500,100
HPQ,0,20121115,102008,13.22500,100
HPQ,0,20121115,102031,13.22000,300
HPQ,0,20121115,102031,13.22000,300
HPQ,0,20121115,102031,13.22000,100
HPQ,0,20121115,102031,13.22000,200
HPQ,0,20121115,102035,13.21000,400
HPQ,0,20121115,102035,13.21000,100
HPQ,0,20121115,102038,13.21000,100
HPQ,0,20121115,102038,13.21000,200
HPQ,0,20121115,102038,13.21000,300
HPQ,0,20121115,102038,13.21000,500
HPQ,0,20121115,102038,13.21000,100
HPQ,0,20121115,102038,13.21000,400
HPQ,0,20121115,102039,13.20500,200
HPQ,0,20121115,102041,13.21000,200
HPQ,0,20121115,102041,13.21000,100
HPQ,0,20121115,102041,13.21000,100
HPQ,0,20121115,102112,13.21000,101
HPQ,0,20121115,102116,13.21000,100
HPQ,0,20121115,102116,13.21000,100
HPQ,0,20121115,102116,13.21000,100
HPQ,0,20121115,102132,13.21000,101
HPQ,0,20121115,102135,13.21000,299
HPQ,0,20121115,102135,13.21000,100
HPQ,0,20121115,102135,13.21000,100
HPQ,0,20121115,102135,13.21000,200
HPQ,0,20121115,102136,13.20000,100
HPQ,0,20121115,102152,13.20000,100
HPQ,0,20121115,102152,13.20000,100
HPQ,0,20121115,102152,13.20000,100
HPQ,0,20121115,102154,13.20000,100
HPQ,0,20121115,102156,13.20000,200
HPQ,0,20121115,102156,13.20000,100
HPQ,0,20121115,102156,13.20000,200
HPQ,0,20121115,102156,13.20000,100
HPQ,0,20121115,102156,13.19000,100
HPQ,0,20121115,102210,13.19000,400
HPQ,0,20121115,102214,13.18000,200
HPQ,0,20121115,102214,13.18000,100
HPQ,0,20121115,102239,13.18000,100
HPQ,0,20121115,102239,13.18000,100
HPQ,0,20121115,102415,13.19000,333
HPQ,0,20121115,102415,13.19000,100
HPQ,0,20121115,102415,13.19000,100
HPQ,0,20121115,102415,13.19000,100
HPQ,0,20121115,102415,13.19000,100
HPQ,0,20121115,102417,13.19500,100
HPQ,0,20121115,102502,13.19000,171
HPQ,0,20121115,102502,13.19000,300
HPQ,0,20121115,102502,13.19000,500
HPQ,0,20121115,102502,13.19000,500
HPQ,0,20121115,102502,13.19000,200
HPQ,0,20121115,102502,13.19000,200
HPQ,0,20121115,102502,13.19000,300
HPQ,0,20121115,102502,13.19000,200
HPQ,0,20121115,102502,13.19000,229
HPQ,0,20121115,102502,13.18000,100
HPQ,0,20121115,102502,13.18000,100
HPQ,0,20121115,102502,13.18000,100
HPQ,0,20121115,102503,13.18000,200
HPQ,0,20121115,102503,13.18000,1200
HPQ,0,20121115,102503,13.18000,100
HPQ,0,20121115,102519,13.18000,235
HPQ,0,20121115,102519,13.18000,100
HPQ,0,20121115,102519,13.18000,100
HPQ,0,20121115,102519,13.18000,132
HPQ,0,20121115,102519,13.18000,4768
HPQ,0,20121115,102519,13.18000,100
HPQ,0,20121115,102519,13.18000,100
HPQ,0,20121115,102519,13.17000,100
HPQ,0,20121115,102525,13.17000,100
HPQ,0,20121115,102525,13.17000,300
HPQ,0,20121115,102525,13.17000,200
HPQ,0,20121115,102535,13.16000,100
HPQ,0,20121115,102540,13.16000,100
HPQ,0,20121115,102540,13.16000,300
HPQ,0,20121115,102540,13.16000,200
HPQ,0,20121115,102540,13.16000,100
HPQ,0,20121115,102540,13.16000,300
HPQ,0,20121115,102540,13.16000,300
HPQ,0,20121115,102540,13.16000,100
HPQ,0,20121115,102549,13.16000,100
HPQ,0,20121115,102549,13.16000,100
HPQ,0,20121115,102552,13.16000,200
HPQ,0,20121115,102552,13.16000,100
HPQ,0,20121115,102630,13.15000,100
HPQ,0,20121115,102630,13.15000,100
HPQ,0,20121115,102631,13.15000,100
HPQ,0,20121115,102631,13.15000,100
HPQ,0,20121115,102632,13.15000,100
HPQ,0,20121115,102632,13.15000,100
HPQ,0,20121115,102634,13.15000,100
HPQ,0,20121115,102637,13.15000,200
HPQ,0,20121115,102637,13.15000,300
HPQ,0,20121115,102657,13.14000,100
HPQ,0,20121115,102657,13.14000,100
HPQ,0,20121115,102657,13.14000,300
HPQ,0,20121115,102657,13.14000,200
HPQ,0,20121115,102657,13.14000,100
HPQ,0,20121115,102657,13.14000,100
HPQ,0,20121115,102657,13.14000,100
HPQ,0,20121115,102658,13.14000,200
HPQ,0,20121115,102658,13.14000,200
HPQ,0,20121115,102658,13.14000,200
HPQ,0,20121115,102658,13.14000,100
HPQ,0,20121115,102658,13.14000,300
HPQ,0,20121115,102658,13.14000,200
HPQ,0,20121115,102658,13.14000,100
HPQ,0,20121115,102706,13.14000,100
HPQ,0,20121115,102716,13.13500,100
HPQ,0,20121115,102716,13.13500,100
HPQ,0,20121115,102716,13.13500,100
HPQ,0,20121115,102716,13.13500,200
HPQ,0,20121115,102726,13.13000,100
HPQ,0,20121115,102728,13.13000,200
HPQ,0,20121115,102733,13.13000,200
HPQ,0,20121115,102733,13.13000,196
HPQ,0,20121115,102808,13.13000,100
HPQ,0,20121115,102810,13.13000,104
HPQ,0,20121115,102810,13.13000,500
HPQ,0,20121115,102810,13.13500,100
HPQ,0,20121115,102825,13.13000,100
HPQ,0,20121115,102825,13.13000,400
HPQ,0,20121115,102825,13.13000,500
HPQ,0,20121115,102825,13.13000,500
HPQ,0,20121115,102825,13.13000,200
HPQ,0,20121115,102825,13.13000,300
HPQ,0,20121115,102832,13.13000,200
HPQ,0,20121115,102833,13.12500,100
HPQ,0,20121115,102833,13.13000,400
HPQ,0,20121115,102833,13.13000,700
HPQ,0,20121115,102833,13.13000,100
HPQ,0,20121115,102833,13.13000,100
HPQ,0,20121115,102859,13.13000,500
HPQ,0,20121115,102859,13.13000,300
HPQ,0,20121115,102950,13.13000,200
HPQ,0,20121115,102950,13.13000,100
HPQ,0,20121115,102950,13.13000,300
HPQ,0,20121115,102950,13.13000,100
HPQ,0,20121115,102950,13.13000,400
HPQ,0,20121115,102950,13.13000,100
HPQ,0,20121115,102950,13.13000,100
HPQ,0,20121115,102953,13.13000,100
HPQ,0,20121115,103000,13.13500,100
HPQ,0,20121115,103006,13.13000,100
HPQ,0,20121115,103022,13.13500,100
HPQ,0,20121115,103028,13.13500,500
HPQ,0,20121115,103028,13.13500,400
HPQ,0,20121115,103028,13.13500,100
HPQ,0,20121115,103028,13.14000,300
HPQ,0,20121115,103028,13.14000,100
HPQ,0,20121115,103028,13.14000,300
HPQ,0,20121115,103028,13.14000,200
HPQ,0,20121115,103028,13.14000,1000
HPQ,0,20121115,103028,13.14000,2300
HPQ,0,20121115,103028,13.15000,100
HPQ,0,20121115,103028,13.15000,100
HPQ,0,20121115,103032,13.15000,200
HPQ,0,20121115,103032,13.15000,200
HPQ,0,20121115,103032,13.15000,200
HPQ,0,20121115,103032,13.15000,200
HPQ,0,20121115,103032,13.15000,200
HPQ,0,20121115,103032,13.15000,100
HPQ,0,20121115,103032,13.15000,600
HPQ,0,20121115,103032,13.15000,300
HPQ,0,20121115,103032,13.16000,338
HPQ,0,20121115,103032,13.16000,400
HPQ,0,20121115,103032,13.16000,500
HPQ,0,20121115,103032,13.16000,400
HPQ,0,20121115,103032,13.16000,300
HPQ,0,20121115,103032,13.16000,100
HPQ,0,20121115,103032,13.16000,100
HPQ,0,20121115,103032,13.16000,200
HPQ,0,20121115,103032,13.16000,100
HPQ,0,20121115,103034,13.15000,100
HPQ,0,20121115,103041,13.14500,100
HPQ,0,20121115,103052,13.14500,100
HPQ,0,20121115,103052,13.15000,400
HPQ,0,20121115,103052,13.15000,100
HPQ,0,20121115,103052,13.15000,200
HPQ,0,20121115,103052,13.15000,400
HPQ,0,20121115,103052,13.15000,100
HPQ,0,20121115,103052,13.15000,100
HPQ,0,20121115,103052,13.15000,100
HPQ,0,20121115,103052,13.15000,100
HPQ,0,20121115,103052,13.15000,200
HPQ,0,20121115,103053,13.16000,150
HPQ,0,20121115,103053,13.16000,150
HPQ,0,20121115,103053,13.16000,600
HPQ,0,20121115,103053,13.16000,400
HPQ,0,20121115,103053,13.16000,400
HPQ,0,20121115,103053,13.16000,200
HPQ,0,20121115,103053,13.16000,221
HPQ,0,20121115,103053,13.15500,100
HPQ,0,20121115,103053,13.16000,200
HPQ,0,20121115,103107,13.15000,100
HPQ,0,20121115,103107,13.15000,200
HPQ,0,20121115,103107,13.15000,200
HPQ,0,20121115,103107,13.15000,400
HPQ,0,20121115,103107,13.15000,200
HPQ,0,20121115,103107,13.15000,400
HPQ,0,20121115,103107,13.15000,100
HPQ,0,20121115,103107,13.15000,400
HPQ,0,20121115,103107,13.15000,300
HPQ,0,20121115,103107,13.15000,100
HPQ,0,20121115,103107,13.15000,200
HPQ,0,20121115,103107,13.15000,100
HPQ,0,20121115,103107,13.15000,200
HPQ,0,20121115,103107,13.15000,100
HPQ,0,20121115,103107,13.14000,600
HPQ,0,20121115,103107,13.14000,200
HPQ,0,20121115,103107,13.14000,100
HPQ,0,20121115,103107,13.14000,100
HPQ,0,20121115,103126,13.14000,200
HPQ,0,20121115,103126,13.14000,300
HPQ,0,20121115,103126,13.14000,600
HPQ,0,20121115,103126,13.14000,200
HPQ,0,20121115,103127,13.13500,100
HPQ,0,20121115,103127,13.13500,200
HPQ,0,20121115,103127,13.13500,200
HPQ,0,20121115,103127,13.14000,600
HPQ,0,20121115,103127,13.14000,100
HPQ,0,20121115,103127,13.14000,100
HPQ,0,20121115,103127,13.14000,100
HPQ,0,20121115,103127,13.14000,100
HPQ,0,20121115,103127,13.14000,300
HPQ,0,20121115,103131,13.14000,300
HPQ,0,20121115,103142,13.14000,100
HPQ,0,20121115,103204,13.14000,300
HPQ,0,20121115,103204,13.14000,200
HPQ,0,20121115,103204,13.14000,274
HPQ,0,20121115,103204,13.14000,226
HPQ,0,20121115,103204,13.14000,100
HPQ,0,20121115,103204,13.14000,422
HPQ,0,20121115,103204,13.14000,100
HPQ,0,20121115,103204,13.14000,382
HPQ,0,20121115,103204,13.13000,500
HPQ,0,20121115,103207,13.13000,200
HPQ,0,20121115,103208,13.13000,400
HPQ,0,20121115,103335,13.13500,364
HPQ,0,20121115,103335,13.14000,400
HPQ,0,20121115,103335,13.14000,100
HPQ,0,20121115,103335,13.14000,100
HPQ,0,20121115,103335,13.14000,600
HPQ,0,20121115,103335,13.14000,400
HPQ,0,20121115,103335,13.14000,500
HPQ,0,20121115,103335,13.14000,200
HPQ,0,20121115,103337,13.14000,100
HPQ,0,20121115,103407,13.15000,200
HPQ,0,20121115,103454,13.14500,100
HPQ,0,20121115,103454,13.14500,100
HPQ,0,20121115,103454,13.15000,400
HPQ,0,20121115,103454,13.15000,100
HPQ,0,20121115,103454,13.15000,1400
HPQ,0,20121115,103454,13.15000,1100
HPQ,0,20121115,103454,13.15000,600
HPQ,0,20121115,103454,13.15000,1400
HPQ,0,20121115,103454,13.16000,200
HPQ,0,20121115,103454,13.16000,100
HPQ,0,20121115,103513,13.16000,300
HPQ,0,20121115,103513,13.16000,100
HPQ,0,20121115,103520,13.16000,800
HPQ,0,20121115,103520,13.16000,200
HPQ,0,20121115,103520,13.16000,500
HPQ,0,20121115,103520,13.16000,700
HPQ,0,20121115,103520,13.16000,200
HPQ,0,20121115,103520,13.16000,500
HPQ,0,20121115,103520,13.16000,200
HPQ,0,20121115,103520,13.16000,200
HPQ,0,20121115,103520,13.16000,500
HPQ,0,20121115,103520,13.16000,300
HPQ,0,20121115,103520,13.16000,100
HPQ,0,20121115,103520,13.16000,400
HPQ,0,20121115,103520,13.16000,200
HPQ,0,20121115,103520,13.16000,200
HPQ,0,20121115,103520,13.16000,100
HPQ,0,20121115,103520,13.15000,200
HPQ,0,20121115,103520,13.15000,200
HPQ,0,20121115,103520,13.15000,100
HPQ,0,20121115,103527,13.15500,100
HPQ,0,20121115,103527,13.16000,100
HPQ,0,20121115,103527,13.16000,100
HPQ,0,20121115,103604,13.15000,100
HPQ,0,20121115,103644,13.16000,400
HPQ,0,20121115,103644,13.16000,100
HPQ,0,20121115,103644,13.16000,100
HPQ,0,20121115,103644,13.16000,1200
HPQ,0,20121115,103644,13.16000,1300
HPQ,0,20121115,103644,13.16000,100
HPQ,0,20121115,103644,13.16000,1400
HPQ,0,20121115,103644,13.17000,400
HPQ,0,20121115,103644,13.17000,250
HPQ,0,20121115,103644,13.17000,300
HPQ,0,20121115,103644,13.17000,150
HPQ,0,20121115,103737,13.17000,100
HPQ,0,20121115,103737,13.17000,300
HPQ,0,20121115,103737,13.17000,200
HPQ,0,20121115,103737,13.17000,200
HPQ,0,20121115,103737,13.17000,100
HPQ,0,20121115,103737,13.17000,300
HPQ,0,20121115,103737,13.17000,200
HPQ,0,20121115,103737,13.17000,300
HPQ,0,20121115,103737,13.17000,300
HPQ,0,20121115,103737,13.16500,200
HPQ,0,20121115,103819,13.16000,500
HPQ,0,20121115,103819,13.16000,300
HPQ,0,20121115,103819,13.16000,300
HPQ,0,20121115,103819,13.15000,200
HPQ,0,20121115,103819,13.15500,100
HPQ,0,20121115,103819,13.15000,100
HPQ,0,20121115,103912,13.15000,200
HPQ,0,20121115,103912,13.15000,200
HPQ,0,20121115,103912,13.15000,100
HPQ,0,20121115,103912,13.15000,300
HPQ,0,20121115,103912,13.15000,300
HPQ,0,20121115,103912,13.15000,100
HPQ,0,20121115,103913,13.14500,100
HPQ,0,20121115,103913,13.14500,100
HPQ,0,20121115,103935,13.14000,300
HPQ,0,20121115,103935,13.14000,100
HPQ,0,20121115,103935,13.14000,700
HPQ,0,20121115,103935,13.14000,200
HPQ,0,20121115,103935,13.14000,500
HPQ,0,20121115,103935,13.14000,800
HPQ,0,20121115,103935,13.14000,300
HPQ,0,20121115,103935,13.14000,100
HPQ,0,20121115,103935,13.14000,200
HPQ,0,20121115,103935,13.14000,700
HPQ,0,20121115,103935,13.14000,300
HPQ,0,20121115,103935,13.14000,1800
HPQ,0,20121115,103935,13.14000,500
HPQ,0,20121115,103935,13.14000,200
HPQ,0,20121115,103935,13.14000,100
HPQ,0,20121115,103935,13.13500,100
HPQ,0,20121115,103935,13.14000,136
HPQ,0,20121115,103935,13.14000,364
HPQ,0,20121115,103935,13.14000,100
HPQ,0,20121115,103955,13.14000,100
HPQ,0,20121115,103955,13.14000,226
HPQ,0,20121115,104006,13.14000,734
HPQ,0,20121115,104006,13.14000,100
HPQ,0,20121115,104006,13.14000,139
HPQ,0,20121115,104006,13.14000,300
HPQ,0,20121115,104006,13.14000,800
HPQ,0,20121115,104006,13.14000,600
HPQ,0,20121115,104006,13.14000,800
HPQ,0,20121115,104006,13.14000,1100
HPQ,0,20121115,104006,13.14000,500
HPQ,0,20121115,104006,13.14000,800
HPQ,0,20121115,104006,13.14000,800
HPQ,0,20121115,104006,13.14000,300
HPQ,0,20121115,104006,13.14000,100
HPQ,0,20121115,104006,13.14000,800
HPQ,0,20121115,104006,13.14000,300
HPQ,0,20121115,104006,13.14000,100
HPQ,0,20121115,104035,13.14000,800
HPQ,0,20121115,104035,13.14000,100
HPQ,0,20121115,104035,13.14000,300
HPQ,0,20121115,104035,13.14000,200
HPQ,0,20121115,104128,13.13000,100
HPQ,0,20121115,104128,13.13000,200
HPQ,0,20121115,104128,13.13000,652
HPQ,0,20121115,104129,13.13000,100
HPQ,0,20121115,104203,13.13000,400
HPQ,0,20121115,104333,13.13000,300
HPQ,0,20121115,104333,13.13000,400
HPQ,0,20121115,104333,13.13000,400
HPQ,0,20121115,104333,13.13000,788
HPQ,0,20121115,104333,13.13000,133
HPQ,0,20121115,104333,13.13000,100
HPQ,0,20121115,104333,13.13000,100
HPQ,0,20121115,104333,13.13000,500
HPQ,0,20121115,104333,13.13000,200
HPQ,0,20121115,104333,13.12500,100
HPQ,0,20121115,104333,13.13000,1800
HPQ,0,20121115,104336,13.13000,200
HPQ,0,20121115,104336,13.13000,100
HPQ,0,20121115,104336,13.13000,100
HPQ,0,20121115,104336,13.13000,100
HPQ,0,20121115,104337,13.13000,200
HPQ,0,20121115,104337,13.13000,100
HPQ,0,20121115,104342,13.12000,100
HPQ,0,20121115,104342,13.12000,200
HPQ,0,20121115,104342,13.12000,200
HPQ,0,20121115,104348,13.12000,200
HPQ,0,20121115,104348,13.12000,100
HPQ,0,20121115,104348,13.12000,100
HPQ,0,20121115,104348,13.12000,100
HPQ,0,20121115,104351,13.11500,100
HPQ,0,20121115,104351,13.12000,600
HPQ,0,20121115,104351,13.12000,100
HPQ,0,20121115,104458,13.12000,300
HPQ,0,20121115,104700,13.12000,300
HPQ,0,20121115,104700,13.12000,800
HPQ,0,20121115,104700,13.12000,300
HPQ,0,20121115,104700,13.12000,500
HPQ,0,20121115,104700,13.12000,300
HPQ,0,20121115,104700,13.12000,200
HPQ,0,20121115,104700,13.12000,300
HPQ,0,20121115,104700,13.12000,200
HPQ,0,20121115,104700,13.12000,100
HPQ,0,20121115,104700,13.12000,600
HPQ,0,20121115,104700,13.12000,200
HPQ,0,20121115,104700,13.12000,300
HPQ,0,20121115,104700,13.12000,100
HPQ,0,20121115,104700,13.12000,300
HPQ,0,20121115,104700,13.12000,200
HPQ,0,20121115,104700,13.12000,100
HPQ,0,20121115,104700,13.12000,100
HPQ,0,20121115,104700,13.12000,100
HPQ,0,20121115,104700,13.12000,200
HPQ,0,20121115,104700,13.12000,200
HPQ,0,20121115,104700,13.11000,113
HPQ,0,20121115,104700,13.11000,100
HPQ,0,20121115,104700,13.11000,200
HPQ,0,20121115,104700,13.11000,100
HPQ,0,20121115,104700,13.11000,100
HPQ,0,20121115,104700,13.11000,200
HPQ,0,20121115,104713,13.10000,100
HPQ,0,20121115,104719,13.10000,100
HPQ,0,20121115,104924,13.10500,100
HPQ,0,20121115,104942,13.11000,600
HPQ,0,20121115,104942,13.11000,300
HPQ,0,20121115,104942,13.11000,100
HPQ,0,20121115,104942,13.11000,200
HPQ,0,20121115,104942,13.11000,200
HPQ,0,20121115,104942,13.11000,100
HPQ,0,20121115,104942,13.11000,100
HPQ,0,20121115,104942,13.11000,100
HPQ,0,20121115,104942,13.11000,500
HPQ,0,20121115,104942,13.11000,200
HPQ,0,20121115,104942,13.11000,500
HPQ,0,20121115,104942,13.11000,200
HPQ,0,20121115,104942,13.11000,100
HPQ,0,20121115,104942,13.11000,100
HPQ,0,20121115,104942,13.11000,200
HPQ,0,20121115,104942,13.11000,200
HPQ,0,20121115,104942,13.11000,100
HPQ,0,20121115,104942,13.12000,194
HPQ,0,20121115,104942,13.12000,100
HPQ,0,20121115,104942,13.12000,600
HPQ,0,20121115,104942,13.12000,100
HPQ,0,20121115,104942,13.12000,100
HPQ,0,20121115,104942,13.12000,100
HPQ,0,20121115,104942,13.12000,300
HPQ,0,20121115,104942,13.12000,106
HPQ,0,20121115,104944,13.12000,100
HPQ,0,20121115,104944,13.12000,200
HPQ,0,20121115,104944,13.12000,100
HPQ,0,20121115,105019,13.12000,100
HPQ,0,20121115,105019,13.12000,100
HPQ,0,20121115,105019,13.12000,100
HPQ,0,20121115,105019,13.12000,200
HPQ,0,20121115,105019,13.12000,300
HPQ,0,20121115,105019,13.12000,100
HPQ,0,20121115,105019,13.12000,200
HPQ,0,20121115,105019,13.12000,100
HPQ,0,20121115,105019,13.12000,100
HPQ,0,20121115,105019,13.12000,200
HPQ,0,20121115,105019,13.12000,1000
HPQ,0,20121115,105019,13.12000,100
HPQ,0,20121115,105019,13.12000,100
HPQ,0,20121115,105019,13.12000,300
HPQ,0,20121115,105019,13.12000,100
HPQ,0,20121115,105019,13.12000,100
HPQ,0,20121115,105024,13.12000,440
HPQ,0,20121115,105024,13.12000,100
HPQ,0,20121115,105024,13.12000,100
HPQ,0,20121115,105024,13.12000,560
HPQ,0,20121115,105024,13.12000,100
HPQ,0,20121115,105041,13.12500,100
HPQ,0,20121115,105052,13.12500,100
HPQ,0,20121115,105124,13.12000,100
HPQ,0,20121115,105157,13.12000,200
HPQ,0,20121115,105157,13.12000,200
HPQ,0,20121115,105157,13.12000,100
HPQ,0,20121115,105157,13.12000,300
HPQ,0,20121115,105157,13.12000,700
HPQ,0,20121115,105157,13.12000,100
HPQ,0,20121115,105157,13.12000,200
HPQ,0,20121115,105157,13.12000,100
HPQ,0,20121115,105157,13.12000,400
HPQ,0,20121115,105157,13.12000,100
HPQ,0,20121115,105157,13.12000,200
HPQ,0,20121115,105157,13.12000,300
HPQ,0,20121115,105157,13.12000,200
HPQ,0,20121115,105157,13.12000,400
HPQ,0,20121115,105157,13.12000,200
HPQ,0,20121115,105157,13.12000,200
HPQ,0,20121115,105157,13.12000,100
HPQ,0,20121115,105157,13.12000,100
HPQ,0,20121115,105157,13.12000,100
HPQ,0,20121115,105157,13.12000,200
HPQ,0,20121115,105157,13.12000,100
HPQ,0,20121115,105157,13.12000,100
HPQ,0,20121115,105157,13.11000,300
HPQ,0,20121115,105157,13.11000,300
HPQ,0,20121115,105157,13.11000,100
HPQ,0,20121115,105157,13.11000,300
HPQ,0,20121115,105157,13.11000,100
HPQ,0,20121115,105158,13.11000,100
HPQ,0,20121115,105158,13.11000,300
HPQ,0,20121115,105357,13.10000,200
HPQ,0,20121115,105357,13.10000,300
HPQ,0,20121115,105357,13.10000,300
HPQ,0,20121115,105357,13.10000,200
HPQ,0,20121115,105357,13.10000,200
HPQ,0,20121115,105357,13.10000,320
HPQ,0,20121115,105357,13.10000,100
HPQ,0,20121115,105357,13.10000,100
HPQ,0,20121115,105357,13.10000,300
HPQ,0,20121115,105357,13.10000,100
HPQ,0,20121115,105357,13.10000,100
HPQ,0,20121115,105357,13.10000,400
HPQ,0,20121115,105357,13.10000,100
HPQ,0,20121115,105357,13.10000,600
HPQ,0,20121115,105357,13.10000,300
HPQ,0,20121115,105357,13.10000,200
HPQ,0,20121115,105357,13.10000,480
HPQ,0,20121115,105454,13.10000,300
HPQ,0,20121115,105454,13.10000,100
HPQ,0,20121115,105816,13.10500,100
HPQ,0,20121115,105816,13.11000,300
HPQ,0,20121115,105816,13.11000,500
HPQ,0,20121115,105816,13.11000,200
HPQ,0,20121115,105816,13.11000,100
HPQ,0,20121115,105826,13.11500,100
HPQ,0,20121115,105837,13.11000,100
HPQ,0,20121115,105837,13.11000,200
HPQ,0,20121115,105837,13.11000,100
HPQ,0,20121115,105837,13.11000,200
HPQ,0,20121115,105837,13.11000,100
HPQ,0,20121115,105837,13.11000,100
HPQ,0,20121115,105837,13.11000,200
HPQ,0,20121115,105837,13.11000,100
HPQ,0,20121115,105837,13.11000,200
HPQ,0,20121115,105837,13.11000,400
HPQ,0,20121115,105838,13.10500,100
HPQ,0,20121115,105838,13.11000,200
HPQ,0,20121115,105838,13.11000,700
HPQ,0,20121115,105838,13.11000,300
HPQ,0,20121115,105838,13.11000,200
HPQ,0,20121115,105838,13.11000,200
HPQ,0,20121115,105838,13.11000,300
HPQ,0,20121115,105838,13.11000,300
HPQ,0,20121115,105838,13.11000,100
HPQ,0,20121115,105838,13.11000,100
HPQ,0,20121115,105838,13.11000,100
HPQ,0,20121115,105838,13.11000,100
HPQ,0,20121115,105838,13.11000,200
HPQ,0,20121115,110032,13.11000,100
HPQ,0,20121115,110135,13.12000,600
HPQ,0,20121115,110135,13.12000,700
HPQ,0,20121115,110135,13.12000,300
HPQ,0,20121115,110135,13.12000,100
HPQ,0,20121115,110135,13.12000,200
HPQ,0,20121115,110135,13.12000,100
HPQ,0,20121115,110135,13.12000,200
HPQ,0,20121115,110135,13.12000,400
HPQ,0,20121115,110135,13.12000,100
HPQ,0,20121115,110135,13.12000,100
HPQ,0,20121115,110135,13.12000,400
HPQ,0,20121115,110135,13.12000,200
HPQ,0,20121115,110135,13.12000,400
HPQ,0,20121115,110228,13.12500,100
HPQ,0,20121115,110230,13.12500,100
HPQ,0,20121115,110244,13.13000,300
HPQ,0,20121115,110244,13.13000,200
HPQ,0,20121115,110244,13.13000,200
HPQ,0,20121115,110244,13.13000,100
HPQ,0,20121115,110244,13.13000,370
HPQ,0,20121115,110244,13.13000,100
HPQ,0,20121115,110244,13.13000,300
HPQ,0,20121115,110316,13.13000,800
HPQ,0,20121115,110316,13.13000,700
HPQ,0,20121115,110316,13.13000,1000
HPQ,0,20121115,110316,13.13000,100
HPQ,0,20121115,110316,13.13000,200
HPQ,0,20121115,110316,13.13000,800
HPQ,0,20121115,110316,13.13000,400
HPQ,0,20121115,110316,13.13000,500
HPQ,0,20121115,110316,13.13000,200
HPQ,0,20121115,110316,13.13000,100
HPQ,0,20121115,110316,13.13000,200
HPQ,0,20121115,110316,13.13000,200
HPQ,0,20121115,110316,13.13000,400
HPQ,0,20121115,110316,13.13000,200
HPQ,0,20121115,110316,13.13000,200
HPQ,0,20121115,110316,13.13000,200
HPQ,0,20121115,110316,13.13000,400
HPQ,0,20121115,110316,13.13000,200
HPQ,0,20121115,110421,13.12500,100
HPQ,0,20121115,110421,13.13000,600
HPQ,0,20121115,110421,13.13000,700
HPQ,0,20121115,110421,13.13000,300
HPQ,0,20121115,110421,13.13000,1000
HPQ,0,20121115,110421,13.13000,600
HPQ,0,20121115,110421,13.13000,200
HPQ,0,20121115,110421,13.13000,100
HPQ,0,20121115,110421,13.13000,800
HPQ,0,20121115,110421,13.13000,200
HPQ,0,20121115,110421,13.13000,100
HPQ,0,20121115,110421,13.13000,100
HPQ,0,20121115,110421,13.13000,100
HPQ,0,20121115,110421,13.13000,100
HPQ,0,20121115,110421,13.13000,100
HPQ,0,20121115,110421,13.13000,100
HPQ,0,20121115,110421,13.13000,200
HPQ,0,20121115,110421,13.13000,100
HPQ,0,20121115,110421,13.13000,200
HPQ,0,20121115,110421,13.13000,100
HPQ,0,20121115,110421,13.14000,200
HPQ,0,20121115,110421,13.14000,300
HPQ,0,20121115,110421,13.14000,236
HPQ,0,20121115,110421,13.14000,200
HPQ,0,20121115,110421,13.14000,252
HPQ,0,20121115,110421,13.14000,112
HPQ,0,20121115,110424,13.14000,100
HPQ,0,20121115,110424,13.14000,100
HPQ,0,20121115,110424,13.14000,100
HPQ,0,20121115,110424,13.14000,100
HPQ,0,20121115,110424,13.14000,400
HPQ,0,20121115,110608,13.13500,100
HPQ,0,20121115,110640,13.14000,100
HPQ,0,20121115,110640,13.14000,200
HPQ,0,20121115,110640,13.14000,100
HPQ,0,20121115,110640,13.14000,100
HPQ,0,20121115,110640,13.14000,1200
HPQ,0,20121115,110640,13.14000,100
HPQ,0,20121115,110640,13.14000,200
HPQ,0,20121115,110640,13.14000,533
HPQ,0,20121115,110640,13.15000,100
HPQ,0,20121115,110730,13.14000,200
HPQ,0,20121115,110730,13.14000,100
HPQ,0,20121115,110730,13.14000,300
HPQ,0,20121115,110730,13.14000,200
HPQ,0,20121115,110730,13.14000,100
HPQ,0,20121115,110730,13.14000,400
HPQ,0,20121115,110730,13.14000,300
HPQ,0,20121115,110730,13.14000,200
HPQ,0,20121115,110730,13.14000,400
HPQ,0,20121115,110730,13.14000,200
HPQ,0,20121115,110730,13.14000,400
HPQ,0,20121115,110730,13.13000,100
HPQ,0,20121115,110730,13.13000,287
HPQ,0,20121115,110730,13.13000,100
HPQ,0,20121115,110730,13.13000,200
HPQ,0,20121115,110730,13.13000,100
HPQ,0,20121115,110730,13.13000,200
HPQ,0,20121115,110730,13.13000,300
HPQ,0,20121115,110730,13.13000,300
HPQ,0,20121115,110730,13.13000,100
HPQ,0,20121115,110730,13.13000,100
HPQ,0,20121115,110730,13.13000,100
HPQ,0,20121115,110730,13.13000,200
HPQ,0,20121115,110730,13.13000,200
HPQ,0,20121115,110731,13.13000,200
HPQ,0,20121115,110731,13.13000,600
HPQ,0,20121115,110731,13.13000,400
HPQ,0,20121115,110734,13.12000,400
HPQ,0,20121115,110734,13.12000,630
HPQ,0,20121115,110734,13.12000,100
HPQ,0,20121115,110734,13.12000,400
HPQ,0,20121115,110734,13.12000,100
HPQ,0,20121115,110734,13.12000,270
HPQ,0,20121115,110734,13.12000,100
HPQ,0,20121115,110738,13.12000,100
HPQ,0,20121115,110833,13.12000,200
HPQ,0,20121115,110833,13.12000,100
HPQ,0,20121115,110902,13.11000,700
HPQ,0,20121115,110902,13.11000,1000
HPQ,0,20121115,110902,13.11000,200
HPQ,0,20121115,110902,13.11000,200
HPQ,0,20121115,110902,13.11000,100
HPQ,0,20121115,110902,13.11000,100
HPQ,0,20121115,110902,13.11000,200
HPQ,0,20121115,110937,13.10500,100
HPQ,0,20121115,111157,13.11000,100
HPQ,0,20121115,111157,13.11000,100
HPQ,0,20121115,111157,13.11000,400
HPQ,0,20121115,111157,13.11000,400
HPQ,0,20121115,111157,13.11000,200
HPQ,0,20121115,111157,13.11000,100
HPQ,0,20121115,111218,13.12000,600
HPQ,0,20121115,111218,13.12000,100
HPQ,0,20121115,111218,13.12000,100
HPQ,0,20121115,111218,13.12000,600
HPQ,0,20121115,111218,13.12000,100
HPQ,0,20121115,111218,13.12000,100
HPQ,0,20121115,111218,13.13000,500
HPQ,0,20121115,111218,13.13000,300
HPQ,0,20121115,111304,13.13000,100
HPQ,0,20121115,111324,13.13000,300
HPQ,0,20121115,111324,13.13000,100
HPQ,0,20121115,111324,13.13000,200
HPQ,0,20121115,111324,13.13000,100
HPQ,0,20121115,111324,13.13000,100
HPQ,0,20121115,111326,13.13000,400
HPQ,0,20121115,111455,13.12500,100
HPQ,0,20121115,111510,13.13000,700
HPQ,0,20121115,111510,13.13000,200
HPQ,0,20121115,111510,13.13000,100
HPQ,0,20121115,111510,13.13000,100
HPQ,0,20121115,111510,13.13000,200
HPQ,0,20121115,111510,13.13000,300
HPQ,0,20121115,111510,13.13000,200
HPQ,0,20121115,111527,13.13000,200
HPQ,0,20121115,111527,13.13000,200
HPQ,0,20121115,111527,13.13000,200
HPQ,0,20121115,111527,13.13000,900
HPQ,0,20121115,111527,13.13000,100
HPQ,0,20121115,111527,13.12500,100
HPQ,0,20121115,111527,13.13000,300
HPQ,0,20121115,111527,13.13000,400
HPQ,0,20121115,111527,13.13000,800
HPQ,0,20121115,111527,13.13000,800
HPQ,0,20121115,111527,13.13000,300
HPQ,0,20121115,111527,13.13000,200
HPQ,0,20121115,111527,13.13000,700
HPQ,0,20121115,111527,13.13000,900
HPQ,0,20121115,111527,13.13000,100
HPQ,0,20121115,111527,13.13000,200
HPQ,0,20121115,111537,13.13000,200
HPQ,0,20121115,111537,13.13000,700
HPQ,0,20121115,111537,13.13000,200
HPQ,0,20121115,111537,13.13000,503
HPQ,0,20121115,111539,13.13000,200
HPQ,0,20121115,111539,13.13000,100
HPQ,0,20121115,111539,13.13000,100
HPQ,0,20121115,111627,13.13000,100
HPQ,0,20121115,111627,13.13000,200
HPQ,0,20121115,111627,13.13000,400
HPQ,0,20121115,111628,13.12000,300
HPQ,0,20121115,111628,13.12000,300
HPQ,0,20121115,111628,13.12000,100
HPQ,0,20121115,111653,13.13000,700
HPQ,0,20121115,111653,13.13000,100
HPQ,0,20121115,111653,13.13000,100
HPQ,0,20121115,111653,13.13000,300
HPQ,0,20121115,111653,13.13000,1200
HPQ,0,20121115,111653,13.13000,200
HPQ,0,20121115,111653,13.13000,100
HPQ,0,20121115,111653,13.13000,200
HPQ,0,20121115,111653,13.13000,100
HPQ,0,20121115,111653,13.13500,100
HPQ,0,20121115,111726,13.13000,700
HPQ,0,20121115,111726,13.13000,600
HPQ,0,20121115,111726,13.13000,300
HPQ,0,20121115,111726,13.13000,200
HPQ,0,20121115,111726,13.13000,300
HPQ,0,20121115,111726,13.12000,100
HPQ,0,20121115,111726,13.12000,100
HPQ,0,20121115,111815,13.12500,186
HPQ,0,20121115,111841,13.12000,800
HPQ,0,20121115,111841,13.12000,100
HPQ,0,20121115,111841,13.12000,300
HPQ,0,20121115,111841,13.12000,100
HPQ,0,20121115,111841,13.12000,200
HPQ,0,20121115,111841,13.12000,113
HPQ,0,20121115,111841,13.12000,187
HPQ,0,20121115,111908,13.11000,100
HPQ,0,20121115,111908,13.11000,700
HPQ,0,20121115,111908,13.11000,500
HPQ,0,20121115,111908,13.11000,100
HPQ,0,20121115,111908,13.11000,100
HPQ,0,20121115,111908,13.11000,400
HPQ,0,20121115,111909,13.11000,600
HPQ,0,20121115,111909,13.11000,400
HPQ,0,20121115,111909,13.11000,700
HPQ,0,20121115,111909,13.11000,200
HPQ,0,20121115,111909,13.11000,300
HPQ,0,20121115,111909,13.11000,200
HPQ,0,20121115,111909,13.11000,100
HPQ,0,20121115,111909,13.11000,100
HPQ,0,20121115,111909,13.11000,100
HPQ,0,20121115,111909,13.11000,200
HPQ,0,20121115,111909,13.11000,100
HPQ,0,20121115,111913,13.12000,236
HPQ,0,20121115,111913,13.12000,364
HPQ,0,20121115,111913,13.12000,100
HPQ,0,20121115,111913,13.12000,300
HPQ,0,20121115,111913,13.12000,100
HPQ,0,20121115,111913,13.12000,100
HPQ,0,20121115,111923,13.12000,100
HPQ,0,20121115,112008,13.11500,100
HPQ,0,20121115,112008,13.11500,100
HPQ,0,20121115,112010,13.12000,900
HPQ,0,20121115,112010,13.12000,700
HPQ,0,20121115,112010,13.12000,200
HPQ,0,20121115,112010,13.12000,100
HPQ,0,20121115,112010,13.12000,100
HPQ,0,20121115,112010,13.12000,135
HPQ,0,20121115,112010,13.12000,800
HPQ,0,20121115,112010,13.12000,400
HPQ,0,20121115,112010,13.12000,400
HPQ,0,20121115,112010,13.12000,800
HPQ,0,20121115,112010,13.12000,500
HPQ,0,20121115,112010,13.12000,600
HPQ,0,20121115,112010,13.12000,700
HPQ,0,20121115,112019,13.12000,600
HPQ,0,20121115,112029,13.12500,100
HPQ,0,20121115,112029,13.12000,100
HPQ,0,20121115,112107,13.11000,700
HPQ,0,20121115,112107,13.11000,400
HPQ,0,20121115,112107,13.11000,200
HPQ,0,20121115,112107,13.11000,300
HPQ,0,20121115,112107,13.11000,200
HPQ,0,20121115,112107,13.11000,800
HPQ,0,20121115,112107,13.11000,600
HPQ,0,20121115,112107,13.11000,400
HPQ,0,20121115,112112,13.11000,100
HPQ,0,20121115,112114,13.11000,100
HPQ,0,20121115,112154,13.11000,400
HPQ,0,20121115,112154,13.11000,100
HPQ,0,20121115,112154,13.11000,100
HPQ,0,20121115,112154,13.11000,100
HPQ,0,20121115,112154,13.11000,200
HPQ,0,20121115,112154,13.11000,100
HPQ,0,20121115,112154,13.11000,100
HPQ,0,20121115,112154,13.11000,100
HPQ,0,20121115,112154,13.11000,100
HPQ,0,20121115,112154,13.12000,300
HPQ,0,20121115,112154,13.12000,129
HPQ,0,20121115,112218,13.12000,171
HPQ,0,20121115,112218,13.12000,100
HPQ,0,20121115,112250,13.13000,600
HPQ,0,20121115,112250,13.13000,500
HPQ,0,20121115,112250,13.13000,100
HPQ,0,20121115,112250,13.13000,100
HPQ,0,20121115,112250,13.13000,100
HPQ,0,20121115,112250,13.13000,200
HPQ,0,20121115,112250,13.13000,100
HPQ,0,20121115,112250,13.13000,100
HPQ,0,20121115,112250,13.13000,800
HPQ,0,20121115,112250,13.13000,100
HPQ,0,20121115,112250,13.13000,108
HPQ,0,20121115,112250,13.13000,100
HPQ,0,20121115,112250,13.13000,100
HPQ,0,20121115,112253,13.13000,200
HPQ,0,20121115,112253,13.13000,137
HPQ,0,20121115,112254,13.13000,100
HPQ,0,20121115,112319,13.12500,100
HPQ,0,20121115,112405,13.13000,100
HPQ,0,20121115,112405,13.13000,400
HPQ,0,20121115,112405,13.13000,100
HPQ,0,20121115,112405,13.13000,200
HPQ,0,20121115,112405,13.13000,800
HPQ,0,20121115,112405,13.13000,100
HPQ,0,20121115,112405,13.13000,100
HPQ,0,20121115,112405,13.13000,300
HPQ,0,20121115,112405,13.13000,300
HPQ,0,20121115,112405,13.13000,300
HPQ,0,20121115,112405,13.13000,100
HPQ,0,20121115,112418,13.13500,100
HPQ,0,20121115,112440,13.14000,100
HPQ,0,20121115,112440,13.14000,100
HPQ,0,20121115,112440,13.15000,100
HPQ,0,20121115,112451,13.15000,100
HPQ,0,20121115,112459,13.15000,100
HPQ,0,20121115,112459,13.15000,200
HPQ,0,20121115,112459,13.15000,500
HPQ,0,20121115,112459,13.15000,100
HPQ,0,20121115,112459,13.15000,200
HPQ,0,20121115,112459,13.15000,150
HPQ,0,20121115,112500,13.15000,400
HPQ,0,20121115,112500,13.15000,200
HPQ,0,20121115,112500,13.15000,200
HPQ,0,20121115,112500,13.15000,800
HPQ,0,20121115,112500,13.15000,100
HPQ,0,20121115,112509,13.15000,100
HPQ,0,20121115,112509,13.15000,100
HPQ,0,20121115,112509,13.15000,600
HPQ,0,20121115,112509,13.15000,100
HPQ,0,20121115,112510,13.15000,300
HPQ,0,20121115,112510,13.15000,200
HPQ,0,20121115,112510,13.15000,600
HPQ,0,20121115,112510,13.15000,100
HPQ,0,20121115,112510,13.15000,312
HPQ,0,20121115,112510,13.15000,200
HPQ,0,20121115,112510,13.15000,100
HPQ,0,20121115,112510,13.15000,188
HPQ,0,20121115,112514,13.15000,100
HPQ,0,20121115,112514,13.15000,800
HPQ,0,20121115,112514,13.15000,100
HPQ,0,20121115,112514,13.15000,100
HPQ,0,20121115,112516,13.15000,200
HPQ,0,20121115,112520,13.15000,100
HPQ,0,20121115,112525,13.15000,100
HPQ,0,20121115,112525,13.15000,200
HPQ,0,20121115,112551,13.15000,200
HPQ,0,20121115,112551,13.15000,100
HPQ,0,20121115,112551,13.15000,200
HPQ,0,20121115,112551,13.15000,200
HPQ,0,20121115,112608,13.15000,200
HPQ,0,20121115,112608,13.15000,100
HPQ,0,20121115,112608,13.15000,100
HPQ,0,20121115,112608,13.15000,200
HPQ,0,20121115,112608,13.15000,700
HPQ,0,20121115,112614,13.15000,100
HPQ,0,20121115,112617,13.15000,300
HPQ,0,20121115,112617,13.15000,400
HPQ,0,20121115,112750,13.15000,800
HPQ,0,20121115,112750,13.15000,100
HPQ,0,20121115,112750,13.15000,100
HPQ,0,20121115,112750,13.15000,1700
HPQ,0,20121115,112750,13.15000,400
HPQ,0,20121115,112750,13.15000,200
HPQ,0,20121115,112750,13.15000,100
HPQ,0,20121115,112759,13.15000,100
HPQ,0,20121115,112759,13.15000,200
HPQ,0,20121115,112759,13.15000,100
HPQ,0,20121115,112759,13.15000,600
HPQ,0,20121115,112759,13.15000,800
HPQ,0,20121115,112759,13.15000,300
HPQ,0,20121115,112759,13.15000,300
HPQ,0,20121115,112759,13.15000,600
HPQ,0,20121115,112759,13.15000,200
HPQ,0,20121115,112759,13.15000,300
HPQ,0,20121115,112759,13.15000,200
HPQ,0,20121115,112759,13.15000,200
HPQ,0,20121115,112759,13.15000,300
HPQ,0,20121115,112759,13.15000,100
HPQ,0,20121115,112759,13.15000,300
HPQ,0,20121115,112759,13.15000,100
HPQ,0,20121115,112759,13.15000,300
HPQ,0,20121115,112759,13.15000,100
HPQ,0,20121115,112759,13.15000,400
HPQ,0,20121115,112759,13.15000,600
HPQ,0,20121115,112817,13.15000,100
HPQ,0,20121115,112817,13.15000,100
HPQ,0,20121115,112817,13.15000,100
HPQ,0,20121115,112817,13.15000,600
HPQ,0,20121115,112817,13.15000,100
HPQ,0,20121115,112817,13.15000,100
HPQ,0,20121115,112839,13.15000,300
HPQ,0,20121115,112839,13.15000,200
HPQ,0,20121115,112839,13.15000,300
HPQ,0,20121115,112839,13.15000,100
HPQ,0,20121115,112839,13.15000,300
HPQ,0,20121115,112839,13.15000,100
HPQ,0,20121115,112839,13.15000,400
HPQ,0,20121115,112839,13.15000,100
HPQ,0,20121115,112849,13.15000,100
HPQ,0,20121115,112849,13.15000,100
HPQ,0,20121115,112849,13.15000,100
HPQ,0,20121115,113000,13.16000,570
HPQ,0,20121115,113000,13.16000,230
HPQ,0,20121115,113000,13.16000,100
HPQ,0,20121115,113000,13.16000,810
HPQ,0,20121115,113031,13.15500,100
HPQ,0,20121115,113107,13.15000,100
HPQ,0,20121115,113107,13.15000,200
HPQ,0,20121115,113107,13.15000,100
HPQ,0,20121115,113107,13.15000,400
HPQ,0,20121115,113107,13.15000,300
HPQ,0,20121115,113107,13.15000,300
HPQ,0,20121115,113117,13.15000,300
HPQ,0,20121115,113125,13.15500,400
HPQ,0,20121115,113125,13.15500,400
HPQ,0,20121115,113125,13.15500,300
HPQ,0,20121115,113125,13.15500,400
HPQ,0,20121115,113125,13.16000,790
HPQ,0,20121115,113125,13.16000,200
HPQ,0,20121115,113125,13.16000,800
HPQ,0,20121115,113125,13.16000,100
HPQ,0,20121115,113125,13.16000,200
HPQ,0,20121115,113125,13.16000,600
HPQ,0,20121115,113125,13.16000,300
HPQ,0,20121115,113125,13.16000,200
HPQ,0,20121115,113125,13.16000,100
HPQ,0,20121115,113125,13.16000,260
HPQ,0,20121115,113125,13.16000,547
HPQ,0,20121115,113125,13.16000,100
HPQ,0,20121115,113125,13.16000,200
HPQ,0,20121115,113125,13.16000,600
HPQ,0,20121115,113125,13.16000,100
HPQ,0,20121115,113125,13.16000,800
HPQ,0,20121115,113125,13.16000,100
HPQ,0,20121115,113216,13.15500,200
HPQ,0,20121115,113216,13.15500,200
HPQ,0,20121115,113216,13.15500,100
HPQ,0,20121115,113216,13.15500,100
HPQ,0,20121115,113216,13.15500,200
HPQ,0,20121115,113216,13.15500,200
HPQ,0,20121115,113216,13.15500,200
HPQ,0,20121115,113229,13.15000,200
HPQ,0,20121115,113229,13.15000,200
HPQ,0,20121115,113229,13.15000,200
HPQ,0,20121115,113229,13.15000,400
HPQ,0,20121115,113229,13.15000,300
HPQ,0,20121115,113229,13.15000,100
HPQ,0,20121115,113229,13.15000,1500
HPQ,0,20121115,113231,13.15000,100
HPQ,0,20121115,113233,13.15000,100
HPQ,0,20121115,113233,13.15000,300
HPQ,0,20121115,113233,13.15000,500
HPQ,0,20121115,113233,13.15000,100
HPQ,0,20121115,113233,13.15000,100
HPQ,0,20121115,113233,13.15000,100
HPQ,0,20121115,113233,13.15000,100
HPQ,0,20121115,113234,13.15000,100
HPQ,0,20121115,113234,13.15000,400
HPQ,0,20121115,113234,13.15000,500
HPQ,0,20121115,113234,13.15000,700
HPQ,0,20121115,113234,13.15000,600
HPQ,0,20121115,113234,13.15000,300
HPQ,0,20121115,113236,13.15000,100
HPQ,0,20121115,113236,13.15000,320
HPQ,0,20121115,113236,13.15000,200
HPQ,0,20121115,113236,13.15000,200
HPQ,0,20121115,113236,13.15000,600
HPQ,0,20121115,113236,13.15000,100
HPQ,0,20121115,113236,13.15000,100
HPQ,0,20121115,113236,13.15000,100
HPQ,0,20121115,113236,13.15000,100
HPQ,0,20121115,113236,13.15000,200
HPQ,0,20121115,113236,13.15000,200
HPQ,0,20121115,113236,13.15000,100
HPQ,0,20121115,113242,13.15000,500
HPQ,0,20121115,113242,13.15000,700
HPQ,0,20121115,113242,13.15000,200
HPQ,0,20121115,113242,13.15000,600
HPQ,0,20121115,113242,13.15000,187
HPQ,0,20121115,113242,13.15000,500
HPQ,0,20121115,113242,13.15000,100
HPQ,0,20121115,113242,13.15000,900
HPQ,0,20121115,113242,13.15000,100
HPQ,0,20121115,113243,13.15000,100
HPQ,0,20121115,113244,13.15000,100
HPQ,0,20121115,113244,13.15000,200
HPQ,0,20121115,113247,13.15000,100
HPQ,0,20121115,113247,13.15000,500
HPQ,0,20121115,113247,13.15000,100
HPQ,0,20121115,113247,13.15000,200
HPQ,0,20121115,113247,13.15000,700
HPQ,0,20121115,113247,13.15000,100
HPQ,0,20121115,113247,13.15000,200
HPQ,0,20121115,113247,13.15000,600
HPQ,0,20121115,113247,13.15000,200
HPQ,0,20121115,113251,13.15000,100
HPQ,0,20121115,113251,13.15000,100
HPQ,0,20121115,113252,13.15000,200
HPQ,0,20121115,113254,13.15000,100
HPQ,0,20121115,113321,13.15000,600
HPQ,0,20121115,113321,13.15000,100
HPQ,0,20121115,113321,13.15000,200
HPQ,0,20121115,113321,13.15000,600
HPQ,0,20121115,113321,13.15000,200
HPQ,0,20121115,113321,13.15000,200
HPQ,0,20121115,113321,13.15000,200
HPQ,0,20121115,113321,13.15000,200
HPQ,0,20121115,113321,13.15000,200
HPQ,0,20121115,113321,13.15000,400
HPQ,0,20121115,113321,13.15000,600
HPQ,0,20121115,113321,13.15000,100
HPQ,0,20121115,113333,13.15000,100
HPQ,0,20121115,113338,13.15000,100
HPQ,0,20121115,113338,13.15000,300
HPQ,0,20121115,113338,13.15000,100
HPQ,0,20121115,113338,13.15000,200
HPQ,0,20121115,113338,13.15000,700
HPQ,0,20121115,113338,13.15000,200
HPQ,0,20121115,113338,13.15000,500
HPQ,0,20121115,113338,13.15000,800
HPQ,0,20121115,113338,13.15000,400
HPQ,0,20121115,113338,13.15000,800
HPQ,0,20121115,113338,13.15000,400
HPQ,0,20121115,113535,13.14000,280
HPQ,0,20121115,113535,13.14000,100
HPQ,0,20121115,113535,13.14000,400
HPQ,0,20121115,113535,13.14000,400
HPQ,0,20121115,113535,13.14000,100
HPQ,0,20121115,113535,13.14000,300
HPQ,0,20121115,113535,13.14000,200
HPQ,0,20121115,113535,13.14000,200
HPQ,0,20121115,113535,13.14000,200
HPQ,0,20121115,113535,13.14000,1000
HPQ,0,20121115,113535,13.13500,100
HPQ,0,20121115,113644,13.13500,100
HPQ,0,20121115,113645,13.13000,300
HPQ,0,20121115,113647,13.13000,200
HPQ,0,20121115,113647,13.13000,522
HPQ,0,20121115,113647,13.13000,200
HPQ,0,20121115,113647,13.13000,300
HPQ,0,20121115,113647,13.13000,100
HPQ,0,20121115,113647,13.13000,266
HPQ,0,20121115,113650,13.13000,100
HPQ,0,20121115,113655,13.13000,100
HPQ,0,20121115,113702,13.13000,100
HPQ,0,20121115,113714,13.12000,100
HPQ,0,20121115,113736,13.12000,400
HPQ,0,20121115,113736,13.12000,600
HPQ,0,20121115,113736,13.12000,380
HPQ,0,20121115,113736,13.12000,100
HPQ,0,20121115,113736,13.12000,200
HPQ,0,20121115,113736,13.12000,235
HPQ,0,20121115,113736,13.12000,200
HPQ,0,20121115,113736,13.12000,100
HPQ,0,20121115,113736,13.12000,500
HPQ,0,20121115,113736,13.12000,300
HPQ,0,20121115,113736,13.12000,100
HPQ,0,20121115,113736,13.12000,100
HPQ,0,20121115,113745,13.12000,800
HPQ,0,20121115,113745,13.12000,500
HPQ,0,20121115,113745,13.12000,100
HPQ,0,20121115,113745,13.12000,200
HPQ,0,20121115,113745,13.12000,200
HPQ,0,20121115,113815,13.12000,200
HPQ,0,20121115,113910,13.12000,300
HPQ,0,20121115,113910,13.12000,300
HPQ,0,20121115,113910,13.12000,200
HPQ,0,20121115,113910,13.12000,200
HPQ,0,20121115,113910,13.12000,200
HPQ,0,20121115,113910,13.12000,700
HPQ,0,20121115,113910,13.12000,200
HPQ,0,20121115,113910,13.12000,300
HPQ,0,20121115,113910,13.12000,100
HPQ,0,20121115,113932,13.12000,300
HPQ,0,20121115,113932,13.12000,500
HPQ,0,20121115,113932,13.12000,800
HPQ,0,20121115,113932,13.12000,100
HPQ,0,20121115,113932,13.12000,100
HPQ,0,20121115,113932,13.12000,100
HPQ,0,20121115,113932,13.12000,100
HPQ,0,20121115,113938,13.13000,400
HPQ,0,20121115,113938,13.13000,700
HPQ,0,20121115,113938,13.13000,100
HPQ,0,20121115,113938,13.13000,200
HPQ,0,20121115,113938,13.13000,200
HPQ,0,20121115,113938,13.13000,600
HPQ,0,20121115,113938,13.13000,400
HPQ,0,20121115,113938,13.13000,200
HPQ,0,20121115,113938,13.13000,200
HPQ,0,20121115,113938,13.13000,100
HPQ,0,20121115,113938,13.13000,200
HPQ,0,20121115,113938,13.13000,200
HPQ,0,20121115,113938,13.13000,200
HPQ,0,20121115,113938,13.13000,300
HPQ,0,20121115,113938,13.13000,100
HPQ,0,20121115,113938,13.13000,200
HPQ,0,20121115,113938,13.13000,100
HPQ,0,20121115,113938,13.13000,100
HPQ,0,20121115,113938,13.13000,300
HPQ,0,20121115,113958,13.13000,132
HPQ,0,20121115,113958,13.13000,468
HPQ,0,20121115,113958,13.13000,200
HPQ,0,20121115,113958,13.13000,700
HPQ,0,20121115,113958,13.13000,200
HPQ,0,20121115,114000,13.13000,100
HPQ,0,20121115,114004,13.13000,100
HPQ,0,20121115,114009,13.13000,300
HPQ,0,20121115,114009,13.13000,500
HPQ,0,20121115,114009,13.13000,200
HPQ,0,20121115,114009,13.13000,600
HPQ,0,20121115,114009,13.13000,700
HPQ,0,20121115,114028,13.14000,100
HPQ,0,20121115,114028,13.14000,100
HPQ,0,20121115,114110,13.13000,400
HPQ,0,20121115,114110,13.13000,200
HPQ,0,20121115,114139,13.12000,400
HPQ,0,20121115,114139,13.12000,100
HPQ,0,20121115,114139,13.12000,300
HPQ,0,20121115,114139,13.12000,300
HPQ,0,20121115,114139,13.12000,200
HPQ,0,20121115,114139,13.12000,200
HPQ,0,20121115,114139,13.12000,800
HPQ,0,20121115,114206,13.11500,100
HPQ,0,20121115,114229,13.11000,130
HPQ,0,20121115,114244,13.11000,100
HPQ,0,20121115,114319,13.11000,170
HPQ,0,20121115,114319,13.11000,600
HPQ,0,20121115,114319,13.11000,500
HPQ,0,20121115,114319,13.11000,800
HPQ,0,20121115,114319,13.11000,100
HPQ,0,20121115,114319,13.11000,100
HPQ,0,20121115,114319,13.11000,100
HPQ,0,20121115,114319,13.11000,200
HPQ,0,20121115,114319,13.11000,100
HPQ,0,20121115,114319,13.11000,200
HPQ,0,20121115,114319,13.11000,100
HPQ,0,20121115,114319,13.11000,100
HPQ,0,20121115,114319,13.11000,100
HPQ,0,20121115,114319,13.11000,800
HPQ,0,20121115,114319,13.11000,219
HPQ,0,20121115,114319,13.11000,200
HPQ,0,20121115,114319,13.11000,200
HPQ,0,20121115,114319,13.11000,100
HPQ,0,20121115,114421,13.10500,100
HPQ,0,20121115,114446,13.10500,100
HPQ,0,20121115,114521,13.10000,104
HPQ,0,20121115,114521,13.10000,300
HPQ,0,20121115,114521,13.10000,600
HPQ,0,20121115,114521,13.10000,500
HPQ,0,20121115,114521,13.10000,300
HPQ,0,20121115,114521,13.10000,900
HPQ,0,20121115,114521,13.10000,400
HPQ,0,20121115,114521,13.10000,200
HPQ,0,20121115,114521,13.10000,200
HPQ,0,20121115,114521,13.10000,300
HPQ,0,20121115,114521,13.10000,500
HPQ,0,20121115,114521,13.10000,200
HPQ,0,20121115,114521,13.10000,100
HPQ,0,20121115,114521,13.10000,1000
HPQ,0,20121115,114521,13.10000,200
HPQ,0,20121115,114521,13.10000,100
HPQ,0,20121115,114521,13.10000,200
HPQ,0,20121115,114521,13.10000,300
HPQ,0,20121115,114521,13.10000,200
HPQ,0,20121115,114521,13.10000,300
HPQ,0,20121115,114521,13.10000,200
HPQ,0,20121115,114521,13.10000,500
HPQ,0,20121115,114521,13.10000,100
HPQ,0,20121115,114521,13.10000,900
HPQ,0,20121115,114521,13.10000,300
HPQ,0,20121115,114521,13.10000,187
HPQ,0,20121115,114521,13.10000,431
HPQ,0,20121115,114521,13.10000,300
HPQ,0,20121115,114521,13.10000,400
HPQ,0,20121115,114521,13.10000,100
HPQ,0,20121115,114521,13.10000,100
HPQ,0,20121115,114521,13.10000,100
HPQ,0,20121115,114521,13.10000,448
HPQ,0,20121115,114521,13.09000,100
HPQ,0,20121115,114521,13.09000,100
HPQ,0,20121115,114521,13.09000,300
HPQ,0,20121115,114521,13.09000,280
HPQ,0,20121115,114521,13.09500,100
HPQ,0,20121115,114521,13.09500,100
HPQ,0,20121115,114521,13.09500,100
HPQ,0,20121115,114621,13.09000,400
HPQ,0,20121115,114628,13.09000,159
HPQ,0,20121115,114628,13.09000,200
HPQ,0,20121115,114628,13.09000,741
HPQ,0,20121115,114630,13.09000,175
HPQ,0,20121115,114630,13.09000,300
HPQ,0,20121115,114630,13.09000,100
HPQ,0,20121115,114630,13.09000,100
HPQ,0,20121115,114630,13.08500,300
HPQ,0,20121115,114630,13.09000,1000
HPQ,0,20121115,114630,13.09000,600
HPQ,0,20121115,114648,13.08000,100
HPQ,0,20121115,114651,13.08000,600
HPQ,0,20121115,114651,13.08000,900
HPQ,0,20121115,114651,13.08000,200
HPQ,0,20121115,114651,13.08000,100
HPQ,0,20121115,114651,13.08000,200
HPQ,0,20121115,114651,13.08000,100
HPQ,0,20121115,114651,13.08000,200
HPQ,0,20121115,114651,13.08000,400
HPQ,0,20121115,114651,13.08000,700
HPQ,0,20121115,114651,13.08000,200
HPQ,0,20121115,114651,13.08000,200
HPQ,0,20121115,114651,13.08000,200
HPQ,0,20121115,114651,13.08000,200
HPQ,0,20121115,114651,13.08000,200
HPQ,0,20121115,114651,13.08000,200
HPQ,0,20121115,114651,13.08000,300
HPQ,0,20121115,114651,13.08000,100
HPQ,0,20121115,114651,13.08000,300
HPQ,0,20121115,114658,13.07000,100
HPQ,0,20121115,114706,13.07000,200
HPQ,0,20121115,114717,13.07000,100
HPQ,0,20121115,114718,13.07000,100
HPQ,0,20121115,114744,13.07000,100
HPQ,0,20121115,114744,13.07000,100
HPQ,0,20121115,114748,13.07000,100
HPQ,0,20121115,114748,13.07000,100
HPQ,0,20121115,114748,13.07000,100
HPQ,0,20121115,114755,13.07000,200
HPQ,0,20121115,114822,13.07000,100
HPQ,0,20121115,114822,13.07000,100
HPQ,0,20121115,114824,13.07000,100
HPQ,0,20121115,114824,13.07000,300
HPQ,0,20121115,114824,13.07000,200
HPQ,0,20121115,114824,13.07000,100
HPQ,0,20121115,114824,13.07000,200
HPQ,0,20121115,114824,13.07000,200
HPQ,0,20121115,114824,13.07000,100
HPQ,0,20121115,114824,13.07000,700
HPQ,0,20121115,114824,13.07000,200
HPQ,0,20121115,114824,13.07000,300
HPQ,0,20121115,114824,13.07000,326
HPQ,0,20121115,114825,13.06000,200
HPQ,0,20121115,114825,13.06000,100
HPQ,0,20121115,114825,13.06000,100
HPQ,0,20121115,114828,13.06000,100
HPQ,0,20121115,114834,13.06000,100
HPQ,0,20121115,114834,13.06000,600
HPQ,0,20121115,114834,13.06000,200
HPQ,0,20121115,114834,13.06000,900
HPQ,0,20121115,114834,13.06000,100
HPQ,0,20121115,114834,13.06000,100
HPQ,0,20121115,114834,13.06000,200
HPQ,0,20121115,114834,13.06000,500
HPQ,0,20121115,114834,13.06000,200
HPQ,0,20121115,114834,13.06000,400
HPQ,0,20121115,114834,13.05500,100
HPQ,0,20121115,114834,13.05500,100
HPQ,0,20121115,114834,13.06000,600
HPQ,0,20121115,114834,13.06000,900
HPQ,0,20121115,114834,13.06000,100
HPQ,0,20121115,114834,13.06000,200
HPQ,0,20121115,114834,13.06000,300
HPQ,0,20121115,114835,13.06000,100
HPQ,0,20121115,114835,13.06000,200
HPQ,0,20121115,114837,13.06000,100
HPQ,0,20121115,114841,13.06000,100
HPQ,0,20121115,114846,13.06000,600
HPQ,0,20121115,114846,13.06000,100
HPQ,0,20121115,114846,13.06000,100
HPQ,0,20121115,114846,13.06000,900
HPQ,0,20121115,114846,13.06000,100
HPQ,0,20121115,114846,13.06000,100
HPQ,0,20121115,114847,13.05000,300
HPQ,0,20121115,114858,13.05000,300
HPQ,0,20121115,114858,13.05000,100
HPQ,0,20121115,114858,13.05000,179
HPQ,0,20121115,114858,13.05000,100
HPQ,0,20121115,114908,13.05000,300
HPQ,0,20121115,114908,13.05000,200
HPQ,0,20121115,114908,13.05000,700
HPQ,0,20121115,114908,13.05000,300
HPQ,0,20121115,114908,13.05000,100
HPQ,0,20121115,114919,13.05500,743
HPQ,0,20121115,114919,13.05500,743
HPQ,0,20121115,114919,13.05500,814
HPQ,0,20121115,114919,13.06000,100
HPQ,0,20121115,114919,13.06000,129
HPQ,0,20121115,114919,13.06000,300
HPQ,0,20121115,114919,13.06000,200
HPQ,0,20121115,114929,13.06500,1000
HPQ,0,20121115,114929,13.06500,200
HPQ,0,20121115,114929,13.07000,300
HPQ,0,20121115,114929,13.07000,100
HPQ,0,20121115,114929,13.07000,100
HPQ,0,20121115,114929,13.07000,200
HPQ,0,20121115,114929,13.07000,100
HPQ,0,20121115,114929,13.07000,100
HPQ,0,20121115,114929,13.07000,100
HPQ,0,20121115,115010,13.07500,100
HPQ,0,20121115,115222,13.07500,100
HPQ,0,20121115,115333,13.07000,300
HPQ,0,20121115,115333,13.07000,200
HPQ,0,20121115,115333,13.07000,300
HPQ,0,20121115,115334,13.07000,100
HPQ,0,20121115,115334,13.07000,300
HPQ,0,20121115,115334,13.07000,300
HPQ,0,20121115,115334,13.07000,200
HPQ,0,20121115,115334,13.07000,400
HPQ,0,20121115,115334,13.07000,244
HPQ,0,20121115,115334,13.07000,156
HPQ,0,20121115,115334,13.07000,125
HPQ,0,20121115,115334,13.07000,300
HPQ,0,20121115,115334,13.07000,400
HPQ,0,20121115,115344,13.06000,600
HPQ,0,20121115,115344,13.06000,700
HPQ,0,20121115,115344,13.06000,200
HPQ,0,20121115,115344,13.06000,100
HPQ,0,20121115,115344,13.06000,500
HPQ,0,20121115,115344,13.06000,200
HPQ,0,20121115,115344,13.05000,700
HPQ,0,20121115,115344,13.05000,200
HPQ,0,20121115,115344,13.05000,300
HPQ,0,20121115,115344,13.05000,900
HPQ,0,20121115,115344,13.05000,200
HPQ,0,20121115,115344,13.05000,100
HPQ,0,20121115,115344,13.05000,500
HPQ,0,20121115,115344,13.05000,700
HPQ,0,20121115,115344,13.05000,100
HPQ,0,20121115,115344,13.05000,100
HPQ,0,20121115,115344,13.05000,193
HPQ,0,20121115,115344,13.05000,210
HPQ,0,20121115,115348,13.04500,300
HPQ,0,20121115,115348,13.04500,100
HPQ,0,20121115,115348,13.05000,500
HPQ,0,20121115,115348,13.05000,460
HPQ,0,20121115,115348,13.05000,200
HPQ,0,20121115,115348,13.05000,300
HPQ,0,20121115,115348,13.05000,100
HPQ,0,20121115,115348,13.05000,100
HPQ,0,20121115,115348,13.05000,200
HPQ,0,20121115,115348,13.05000,100
HPQ,0,20121115,115348,13.05000,100
HPQ,0,20121115,115348,13.06000,500
HPQ,0,20121115,115348,13.06000,100
HPQ,0,20121115,115348,13.06000,100
HPQ,0,20121115,115348,13.06000,200
HPQ,0,20121115,115433,13.05500,100
HPQ,0,20121115,115433,13.06000,100
HPQ,0,20121115,115433,13.06000,100
HPQ,0,20121115,115433,13.06000,100
HPQ,0,20121115,115433,13.06000,100
HPQ,0,20121115,115433,13.06000,100
HPQ,0,20121115,115438,13.06000,300
HPQ,0,20121115,115443,13.06000,100
HPQ,0,20121115,115443,13.06000,100
HPQ,0,20121115,115443,13.06000,100
HPQ,0,20121115,115443,13.06000,100
HPQ,0,20121115,115443,13.06000,100
HPQ,0,20121115,115443,13.06000,100
HPQ,0,20121115,115443,13.06000,100
HPQ,0,20121115,115443,13.06000,100
HPQ,0,20121115,115443,13.06000,100
HPQ,0,20121115,115443,13.06000,100
HPQ,0,20121115,115444,13.06000,100
HPQ,0,20121115,115444,13.06000,100
HPQ,0,20121115,115444,13.06000,100
HPQ,0,20121115,115444,13.06000,100
HPQ,0,20121115,115444,13.06000,100
HPQ,0,20121115,115453,13.06000,800
HPQ,0,20121115,115453,13.06000,100
HPQ,0,20121115,115504,13.07000,600
HPQ,0,20121115,115504,13.07000,100
HPQ,0,20121115,115504,13.07000,100
HPQ,0,20121115,115504,13.07000,100
HPQ,0,20121115,115504,13.07000,100
HPQ,0,20121115,115504,13.07000,100
HPQ,0,20121115,115518,13.07000,300
HPQ,0,20121115,115518,13.07000,400
HPQ,0,20121115,115518,13.07000,700
HPQ,0,20121115,115518,13.07000,200
HPQ,0,20121115,115518,13.07000,800
HPQ,0,20121115,115518,13.07000,100
HPQ,0,20121115,115518,13.07000,200
HPQ,0,20121115,115518,13.07000,100
HPQ,0,20121115,115534,13.07000,100
HPQ,0,20121115,115534,13.07000,300
HPQ,0,20121115,115535,13.06500,400
HPQ,0,20121115,115535,13.06500,200
HPQ,0,20121115,115600,13.06000,500
HPQ,0,20121115,115600,13.06000,200
HPQ,0,20121115,115600,13.06000,300
HPQ,0,20121115,115600,13.06000,100
HPQ,0,20121115,115618,13.05500,200
HPQ,0,20121115,115618,13.06000,600
HPQ,0,20121115,115618,13.06000,100
HPQ,0,20121115,115618,13.06000,100
HPQ,0,20121115,115618,13.06000,200
HPQ,0,20121115,115618,13.06000,100
HPQ,0,20121115,115621,13.06500,400
HPQ,0,20121115,115637,13.06000,200
HPQ,0,20121115,115637,13.06000,300
HPQ,0,20121115,115637,13.06000,100
HPQ,0,20121115,115637,13.06000,300
HPQ,0,20121115,115656,13.06000,100
HPQ,0,20121115,115659,13.06000,100
HPQ,0,20121115,115659,13.06000,300
HPQ,0,20121115,115711,13.05500,100
HPQ,0,20121115,115711,13.06000,300
HPQ,0,20121115,115711,13.06000,700
HPQ,0,20121115,115711,13.06000,100
HPQ,0,20121115,115711,13.06000,100
HPQ,0,20121115,115711,13.06000,100
HPQ,0,20121115,115711,13.06000,200
HPQ,0,20121115,115711,13.06000,100
HPQ,0,20121115,115745,13.06500,100
HPQ,0,20121115,115745,13.06500,100
HPQ,0,20121115,115800,13.07000,400
HPQ,0,20121115,115800,13.07000,600
HPQ,0,20121115,115800,13.07000,100
HPQ,0,20121115,115800,13.07000,100
HPQ,0,20121115,115800,13.07000,100
HPQ,0,20121115,115800,13.07000,400
HPQ,0,20121115,115800,13.07000,200
HPQ,0,20121115,115822,13.07500,100
HPQ,0,20121115,115824,13.07500,100
HPQ,0,20121115,115831,13.08000,300
HPQ,0,20121115,115831,13.08000,100
HPQ,0,20121115,115831,13.08000,299
HPQ,0,20121115,115831,13.08000,100
HPQ,0,20121115,115831,13.08000,100
HPQ,0,20121115,115831,13.08000,123
HPQ,0,20121115,115831,13.08000,178
HPQ,0,20121115,115831,13.08000,121
HPQ,0,20121115,115832,13.08000,100
HPQ,0,20121115,115833,13.08000,100
HPQ,0,20121115,115847,13.07500,100
HPQ,0,20121115,115921,13.07500,100
HPQ,0,20121115,120042,13.07500,100
HPQ,0,20121115,120117,13.07500,100
HPQ,0,20121115,120117,13.07500,100
HPQ,0,20121115,120117,13.07500,100
HPQ,0,20121115,120145,13.08000,200
HPQ,0,20121115,120145,13.08000,100
HPQ,0,20121115,120145,13.08000,200
HPQ,0,20121115,120145,13.08000,600
HPQ,0,20121115,120145,13.08000,500
HPQ,0,20121115,120145,13.08000,600
HPQ,0,20121115,120145,13.08000,300
HPQ,0,20121115,120145,13.08000,100
HPQ,0,20121115,120145,13.08000,500
HPQ,0,20121115,120201,13.07500,100
HPQ,0,20121115,120201,13.08000,100
HPQ,0,20121115,120201,13.07500,400
HPQ,0,20121115,120226,13.07500,300
HPQ,0,20121115,120226,13.07500,100
HPQ,0,20121115,120256,13.07500,100
HPQ,0,20121115,120256,13.07500,100
HPQ,0,20121115,120327,13.07000,488
HPQ,0,20121115,120327,13.07000,100
HPQ,0,20121115,120327,13.07000,200
HPQ,0,20121115,120327,13.07000,400
HPQ,0,20121115,120327,13.07000,400
HPQ,0,20121115,120327,13.07000,500
HPQ,0,20121115,120327,13.07000,200
HPQ,0,20121115,120327,13.07000,100
HPQ,0,20121115,120327,13.07000,100
HPQ,0,20121115,120327,13.07000,100
HPQ,0,20121115,120327,13.07000,100
HPQ,0,20121115,120327,13.07000,100
HPQ,0,20121115,120327,13.07000,300
HPQ,0,20121115,120327,13.07000,100
HPQ,0,20121115,120327,13.07000,100
HPQ,0,20121115,120327,13.07000,400
HPQ,0,20121115,120327,13.07000,100
HPQ,0,20121115,120327,13.07000,200
HPQ,0,20121115,120327,13.07000,100
HPQ,0,20121115,120347,13.07500,100
HPQ,0,20121115,120441,13.07500,700
HPQ,0,20121115,120441,13.07500,746
HPQ,0,20121115,120441,13.07500,154
HPQ,0,20121115,120441,13.08000,100
HPQ,0,20121115,120441,13.08000,100
HPQ,0,20121115,120441,13.08000,100
HPQ,0,20121115,120441,13.08000,246
HPQ,0,20121115,120441,13.08000,100
HPQ,0,20121115,120441,13.07500,300
HPQ,0,20121115,120515,13.07500,100
HPQ,0,20121115,120515,13.07500,100
HPQ,0,20121115,120521,13.07500,200
HPQ,0,20121115,120522,13.07500,200
HPQ,0,20121115,120530,13.07500,100
HPQ,0,20121115,120550,13.07500,100
HPQ,0,20121115,120550,13.07000,300
HPQ,0,20121115,120550,13.07000,200
HPQ,0,20121115,120550,13.07000,300
HPQ,0,20121115,120550,13.07000,300
HPQ,0,20121115,120550,13.07000,100
HPQ,0,20121115,120557,13.06000,400
HPQ,0,20121115,120557,13.06000,700
HPQ,0,20121115,120557,13.06000,200
HPQ,0,20121115,120557,13.06000,100
HPQ,0,20121115,120600,13.06000,300
HPQ,0,20121115,120600,13.06000,400
HPQ,0,20121115,120600,13.06000,200
HPQ,0,20121115,120600,13.06000,100
HPQ,0,20121115,120600,13.06000,100
HPQ,0,20121115,120600,13.06000,100
HPQ,0,20121115,120600,13.06000,100
HPQ,0,20121115,120600,13.06000,100
HPQ,0,20121115,120601,13.06000,200
HPQ,0,20121115,120601,13.06000,100
HPQ,0,20121115,120601,13.06000,100
HPQ,0,20121115,120601,13.06000,100
HPQ,0,20121115,120723,13.06000,180
HPQ,0,20121115,120737,13.06000,400
HPQ,0,20121115,120737,13.06000,100
HPQ,0,20121115,120802,13.06000,100
HPQ,0,20121115,120802,13.06000,180
HPQ,0,20121115,120802,13.06000,300
HPQ,0,20121115,120802,13.06000,100
HPQ,0,20121115,120802,13.06000,400
HPQ,0,20121115,120802,13.06000,300
HPQ,0,20121115,120802,13.05000,100
HPQ,0,20121115,120802,13.05000,100
HPQ,0,20121115,120816,13.05000,230
HPQ,0,20121115,120816,13.05000,500
HPQ,0,20121115,120816,13.05000,100
HPQ,0,20121115,120816,13.05000,200
HPQ,0,20121115,120816,13.05000,170
HPQ,0,20121115,120816,13.05000,600
HPQ,0,20121115,120818,13.04000,300
HPQ,0,20121115,120820,13.04000,300
HPQ,0,20121115,120822,13.04000,462
HPQ,0,20121115,120822,13.04000,100
HPQ,0,20121115,120822,13.04000,300
HPQ,0,20121115,120822,13.04000,399
HPQ,0,20121115,120822,13.04000,139
HPQ,0,20121115,120822,13.04000,600
HPQ,0,20121115,120822,13.04000,100
HPQ,0,20121115,120822,13.04000,100
HPQ,0,20121115,120822,13.04000,500
HPQ,0,20121115,120823,13.04000,200
HPQ,0,20121115,120823,13.04000,200
HPQ,0,20121115,120823,13.04000,392
HPQ,0,20121115,120824,13.04000,108
HPQ,0,20121115,120824,13.04000,200
HPQ,0,20121115,120824,13.04000,100
HPQ,0,20121115,120824,13.04000,300
HPQ,0,20121115,120824,13.04000,100
HPQ,0,20121115,120827,13.03500,100
HPQ,0,20121115,120827,13.04000,400
HPQ,0,20121115,120827,13.04000,100
HPQ,0,20121115,120831,13.04000,200
HPQ,0,20121115,120831,13.04000,100
HPQ,0,20121115,120831,13.04000,100
HPQ,0,20121115,120831,13.03500,200
HPQ,0,20121115,120831,13.03500,200
HPQ,0,20121115,120832,13.03500,100
HPQ,0,20121115,120832,13.03500,200
HPQ,0,20121115,120954,13.04000,200
HPQ,0,20121115,120954,13.04000,200
HPQ,0,20121115,120954,13.04000,100
HPQ,0,20121115,120954,13.04000,1900
HPQ,0,20121115,120954,13.04000,1100
HPQ,0,20121115,120954,13.04000,1200
HPQ,0,20121115,120954,13.04000,100
HPQ,0,20121115,120954,13.04000,100
HPQ,0,20121115,120954,13.04000,100
HPQ,0,20121115,120954,13.04000,300
HPQ,0,20121115,120954,13.04000,1100
HPQ,0,20121115,120954,13.04000,200
HPQ,0,20121115,120954,13.04000,200
HPQ,0,20121115,120954,13.05000,100
HPQ,0,20121115,120954,13.05000,300
HPQ,0,20121115,120954,13.05000,100
HPQ,0,20121115,121302,13.04000,500
HPQ,0,20121115,121302,13.04000,100
HPQ,0,20121115,121302,13.04000,400
HPQ,0,20121115,121302,13.04000,200
HPQ,0,20121115,121302,13.04000,100
HPQ,0,20121115,121302,13.04000,129
HPQ,0,20121115,121304,13.04000,200
HPQ,0,20121115,121304,13.04000,300
HPQ,0,20121115,121304,13.04000,200
HPQ,0,20121115,121304,13.04000,100
HPQ,0,20121115,121304,13.04000,100
HPQ,0,20121115,121304,13.04000,100
HPQ,0,20121115,121304,13.04000,100
HPQ,0,20121115,121304,13.04000,300
HPQ,0,20121115,121304,13.04000,100
HPQ,0,20121115,121304,13.04000,600
HPQ,0,20121115,121309,13.04000,100
HPQ,0,20121115,121404,13.04500,400
HPQ,0,20121115,121404,13.04500,4200
HPQ,0,20121115,121404,13.05000,400
HPQ,0,20121115,121404,13.05000,100
HPQ,0,20121115,121404,13.05000,200
HPQ,0,20121115,121404,13.05000,100
HPQ,0,20121115,121404,13.05000,200
HPQ,0,20121115,121404,13.04500,200
HPQ,0,20121115,121429,13.04000,200
HPQ,0,20121115,121429,13.04000,500
HPQ,0,20121115,121429,13.04000,200
HPQ,0,20121115,121429,13.04000,200
HPQ,0,20121115,121429,13.04000,200
HPQ,0,20121115,121429,13.04000,300
HPQ,0,20121115,121429,13.03000,100
HPQ,0,20121115,121433,13.03000,200
HPQ,0,20121115,121433,13.03000,400
HPQ,0,20121115,121506,13.03000,200
HPQ,0,20121115,121506,13.03000,100
HPQ,0,20121115,121506,13.03000,100
HPQ,0,20121115,121716,13.02000,100
HPQ,0,20121115,121716,13.02000,400
HPQ,0,20121115,121716,13.02000,100
HPQ,0,20121115,121716,13.02000,200
HPQ,0,20121115,121716,13.02000,300
HPQ,0,20121115,121716,13.02000,100
HPQ,0,20121115,121716,13.02000,300
HPQ,0,20121115,121716,13.02000,200
HPQ,0,20121115,121716,13.02000,300
HPQ,0,20121115,121716,13.02000,100
HPQ,0,20121115,121716,13.02000,356
HPQ,0,20121115,121716,13.02000,300
HPQ,0,20121115,121724,13.01500,100
HPQ,0,20121115,121724,13.01500,100
HPQ,0,20121115,121805,13.01000,200
HPQ,0,20121115,121805,13.01000,400
HPQ,0,20121115,121805,13.01000,100
HPQ,0,20121115,121805,13.01000,300
HPQ,0,20121115,121805,13.01000,800
HPQ,0,20121115,121805,13.01000,100
HPQ,0,20121115,121805,13.01000,200
HPQ,0,20121115,121805,13.01000,200
HPQ,0,20121115,121805,13.01000,200
HPQ,0,20121115,121805,13.01000,200
HPQ,0,20121115,121805,13.01000,400
HPQ,0,20121115,121805,13.01000,327
HPQ,0,20121115,121805,13.01000,100
HPQ,0,20121115,121806,13.00500,100
HPQ,0,20121115,121808,13.01000,500
